timestamp,traffic_label,ap1_proto,ap1_streams,ap1_udp_rate,ap1_tcp_window,ap1_throughput_bps,ap1_loss_pct,ap1_jitter_ms,ap1_txd_client_mac,ap1_txd_tx_delta_bytes,ap1_txd_estimated_throughput_bps,ap1_wifi_channel,ap1_wifi_frequency_mhz,ap1_wifi_bandwidth_mhz,ap1_wifi_tx_power_dbm,ap1_wifi_cwmin,ap1_wifi_cwmax,ap1_wifi_noise_floor_dbm,ap1_wifi_channel_busy_percent,ap1_wifi_nss,ap1_wifi_rts_cts,ap1_wifi_latency_min_ms,ap1_wifi_latency_avg_ms,ap1_wifi_latency_max_ms,ap1_client_client_mac,ap1_client_signal_rssi_dbm,ap1_client_tx_retries,ap1_client_tx_failed,ap1_client_tx_bitrate_mbps,ap1_client_rx_bitrate_mbps,ap1_client_tx_bytes,ap1_client_rx_bytes,ap1_client_mcs_index,ap2_proto,ap2_streams,ap2_udp_rate,ap2_tcp_window,ap2_throughput_bps,ap2_loss_pct,ap2_jitter_ms,ap2_txd_client_mac,ap2_txd_tx_delta_bytes,ap2_txd_estimated_throughput_bps,ap2_wifi_channel,ap2_wifi_frequency_mhz,ap2_wifi_bandwidth_mhz,ap2_wifi_tx_power_dbm,ap2_wifi_cwmin,ap2_wifi_cwmax,ap2_wifi_noise_floor_dbm,ap2_wifi_channel_busy_percent,ap2_wifi_nss,ap2_wifi_rts_cts,ap2_wifi_latency_min_ms,ap2_wifi_latency_avg_ms,ap2_wifi_latency_max_ms,ap2_client_client_mac,ap2_client_signal_rssi_dbm,ap2_client_tx_retries,ap2_client_tx_failed,ap2_client_tx_bitrate_mbps,ap2_client_rx_bitrate_mbps,ap2_client_tx_bytes,ap2_client_rx_bytes,ap2_client_mcs_index
2025-08-12 14:01:44,RUN_20250812_140125_1,TCP,1,,4M,101710763.35267946,0.0,,68:54:5a:e2:f2:c0,126843452.0,101474761.0,44,5220,80,17,7,15,-89,13,2,on,1.084,3.681,10.305,68:54:5a:e2:f2:c0,-41.0,850.0,850.0,292.5,6.0,126844652.0,142098.0,7.0,TCP,1,,,63228456.255518064,0.0,,ac:ed:5c:47:06:cb,79083084.0,63266467.0,40,5200,40,10,31,63,-92,0,2,on,0.951,1.422,1.884,ac:ed:5c:47:06:cb,-46.0,2432.0,2432.0,135.0,300.0,79083084.0,259462.0,7.0
2025-08-12 14:02:50,RUN_20250812_140225_3,TCP,16,,,20876398.79333653,0.0,,68:54:5a:e2:f2:c0,23655493.0,18924394.0,36,5180,20,10,63,127,-91,37,2,on,1.997,2.096,2.256,68:54:5a:e2:f2:c0,-49.0,2241.0,2281.0,65.0,144.4,23656639.0,429127.0,7.0,TCP,2,,,175529200.09703866,0.0,,ac:ed:5c:47:06:cb,223226584.0,178581267.0,40,5200,80,23,31,63,-86,18,1,on,2.063,2.147,2.227,ac:ed:5c:47:06:cb,-47.0,4558.0,4558.0,390.0,866.7,223226662.0,444056.0,9.0
2025-08-12 14:03:23,RUN_20250812_140258_4,UDP,1,10M,,9999230.805999711,0.0463392029657089,1.692140679254801,68:54:5a:e2:f2:c0,12866378.0,10293102.0,40,5200,80,10,31,63,-91,29,1,on,1.29,1.606,1.759,68:54:5a:e2:f2:c0,-43.0,173.0,173.0,351.0,468.0,12867578.0,12628.0,8.0,TCP,16,,,99558572.05027775,0.0,,ac:ed:5c:47:06:cb,121632670.0,97306136.0,44,5220,40,17,31,63,-86,18,1,off,1.812,1.881,1.937,ac:ed:5c:47:06:cb,-46.0,4879.0,4879.0,135.0,6.0,121632772.0,2707384.0,7.0
2025-08-12 14:03:58,RUN_20250812_140330_5,UDP,1,10M,,9999229.80608453,0.0231696014828544,1.7835862797899489,68:54:5a:e2:f2:c0,25731465.0,20585172.0,40,5200,80,10,15,31,-91,29,1,on,1.681,1.709,1.78,68:54:5a:e2:f2:c0,-43.0,352.0,352.0,351.0,585.0,25732665.0,17611.0,8.0,TCP,1,,512K,48706621.355246656,0.0,,ac:ed:5c:47:06:cb,63051418.0,50441134.0,48,5240,20,17,31,63,-86,18,1,off,1.062,1.341,2.107,ac:ed:5c:47:06:cb,-43.0,2630.0,2630.0,65.0,144.4,63051418.0,295085.0,7.0
2025-08-12 14:05:04,RUN_20250812_140439_7,UDP,1,200M,,81473103.56248187,21.5659789856824,0.0180091428485652,68:54:5a:e2:f2:c0,234561013.0,187648810.0,40,5200,40,10,7,15,-91,2,2,off,1.937,1.971,2.042,68:54:5a:e2:f2:c0,-55.0,2745.0,2793.0,135.0,300.0,234561956.0,231970.0,7.0,UDP,1,400M,,73558142.5465011,0.074015748031496,0.32541024420755,ac:ed:5c:47:06:cb,518898178.0,415118542.0,40,5200,80,10,7,15,-88,5,2,off,1.183,1.868,2.169,ac:ed:5c:47:06:cb,-46.0,499.0,499.0,292.5,12.0,518898178.0,2281874.0,7.0
2025-08-12 14:05:36,RUN_20250812_140512_8,UDP,1,10M,,9999230.805999711,1.7377201112140872,0.257639734766739,68:54:5a:e2:f2:c0,12866345.0,10293076.0,40,5200,80,17,15,31,-92,0,1,off,0.985,1.357,1.908,68:54:5a:e2:f2:c0,-44.0,15.0,15.0,135.0,216.0,12867545.0,12632.0,7.0,UDP,1,5M,,4999616.402915338,0.0,0.2777213593917663,ac:ed:5c:47:06:cb,6436769.0,5149415.0,44,5220,40,17,7,15,-88,5,2,off,1.073,1.483,2.167,ac:ed:5c:47:06:cb,-47.0,85.0,85.0,135.0,36.0,6437129.0,6507.0,7.0
2025-08-12 14:06:09,RUN_20250812_140543_9,UDP,1,10M,,9999229.80608453,0.3707136237256719,1.7259382965541936,68:54:5a:e2:f2:c0,12866837.0,10293469.0,44,5220,80,17,7,15,-92,0,1,on,1.031,1.589,2.189,68:54:5a:e2:f2:c0,-44.0,2262.0,2294.0,351.0,468.0,12868037.0,14242.0,8.0,UDP,1,100M,,47770875.43299653,0.0024248890613254,0.4736469479650617,ac:ed:5c:47:06:cb,61450769.0,49160615.0,48,5240,20,23,7,15,-88,5,2,off,1.727,1.84,1.937,ac:ed:5c:47:06:cb,-49.0,4084.0,4085.0,65.0,6.0,61450847.0,5466.0,7.0
2025-08-12 14:08:22,RUN_20250812_140756_13,UDP,1,100M,,82699847.7411876,4.097097714029583,0.0123501149551318,68:54:5a:e2:f2:c0,106378488.0,85102790.0,40,5200,40,17,31,63,-92,0,2,on,0.984,1.347,2.05,68:54:5a:e2:f2:c0,-44.0,162.0,162.0,135.0,162.0,106380040.0,7807.0,7.0,UDP,1,100M,,84937808.12241177,0.0,0.0225974451583363,ac:ed:5c:47:06:cb,109257502.0,87406001.0,40,5200,80,17,7,15,-92,0,1,off,2.153,2.24,2.343,ac:ed:5c:47:06:cb,-47.0,295.0,295.0,351.0,6.0,109257502.0,5018.0,8.0
2025-08-12 14:08:57,RUN_20250812_140829_14,TCP,1,,1M,48020833.3229168,0.0,,68:54:5a:e2:f2:c0,61269373.0,49015498.0,40,5200,20,17,15,31,-92,0,2,off,0.88,1.216,1.95,68:54:5a:e2:f2:c0,-56.0,4132.0,4132.0,65.0,144.4,61270925.0,139572.0,7.0,TCP,1,,4M,,0.0,,ac:ed:5c:47:06:cb,2723.0,2178.0,44,5220,80,17,7,15,-92,0,2,on,2.087,2.298,2.729,ac:ed:5c:47:06:cb,-45.0,3.0,3.0,6.0,18.0,4225.0,4870.0,
2025-08-12 14:10:03,RUN_20250812_140935_16,TCP,1,,1M,40045315.35199047,0.0,,68:54:5a:e2:f2:c0,51038655.0,40830924.0,40,5200,40,17,7,15,-92,0,1,off,1.124,1.448,1.879,68:54:5a:e2:f2:c0,-56.0,2733.0,2733.0,135.0,300.0,51040207.0,100471.0,7.0,TCP,1,,,201743682.1732868,0.0,,ac:ed:5c:47:06:cb,261580469.0,209264375.0,44,5220,80,23,15,31,-92,0,1,on,2.036,2.119,2.232,ac:ed:5c:47:06:cb,-44.0,2361.0,2361.0,390.0,6.0,261580625.0,399983.0,9.0
2025-08-12 14:10:36,RUN_20250812_141011_17,TCP,1,,2M,104856289.29638378,0.0,,68:54:5a:e2:f2:c0,134020854.0,107216683.0,44,5220,40,10,63,127,-92,0,1,off,0.964,1.56,1.937,68:54:5a:e2:f2:c0,-56.0,869.0,869.0,135.0,300.0,134022000.0,223407.0,7.0,TCP,16,,,57460474.8993989,0.0,,ac:ed:5c:47:06:cb,70066042.0,56052833.0,36,5180,20,10,7,15,-92,38,1,on,1.156,1.493,2.234,ac:ed:5c:47:06:cb,-47.0,73.0,73.0,65.0,6.0,70066042.0,1672197.0,7.0
2025-08-12 14:11:43,RUN_20250812_141117_19,TCP,1,,1M,44006696.260048166,0.0,,68:54:5a:e2:f2:c0,55954678.0,44763742.0,48,5240,20,23,31,63,-92,0,2,off,0.93,0.976,1.082,68:54:5a:e2:f2:c0,-46.0,205.0,205.0,65.0,130.0,55955824.0,118243.0,7.0,UDP,1,400M,,57813294.22942327,0.0,0.0090640304567585,ac:ed:5c:47:06:cb,74367741.0,59494192.0,48,5240,80,17,63,127,-92,29,2,off,1.99,2.06,2.134,ac:ed:5c:47:06:cb,-45.0,279.0,279.0,292.5,12.0,74367819.0,5143.0,7.0
2025-08-12 14:12:49,RUN_20250812_141221_21,TCP,1,,512K,46613475.2836867,0.0,,68:54:5a:e2:f2:c0,60594373.0,48475498.0,44,5220,40,23,63,127,-92,0,1,off,1.056,1.096,1.178,68:54:5a:e2:f2:c0,-55.0,380.0,380.0,135.0,300.0,60595773.0,109131.0,7.0,TCP,1,,,138725078.82413295,0.0,,ac:ed:5c:47:06:cb,179317242.0,143453793.0,44,5220,80,17,31,63,-92,0,2,on,1.993,2.071,2.168,ac:ed:5c:47:06:cb,-47.0,387.0,387.0,292.5,866.7,179317320.0,323532.0,7.0
2025-08-12 14:14:27,RUN_20250812_141404_24,UDP,1,200M,,107624946.1254202,29.428795918587,0.0316125916786441,68:54:5a:e2:f2:c0,138440228.0,110752182.0,44,5220,80,23,15,31,-92,57,2,on,1.147,27.108,103.898,68:54:5a:e2:f2:c0,-39.0,3233.0,3235.0,292.5,6.0,138441066.0,13251.0,7.0,TCP,1,,1M,32607420.09318491,0.0,,ac:ed:5c:47:06:cb,40804572.0,32643657.0,40,5200,20,23,7,15,-92,0,1,on,1.118,1.633,2.087,ac:ed:5c:47:06:cb,-45.0,2752.0,2765.0,65.0,6.0,40804572.0,199699.0,7.0
2025-08-12 14:15:34,RUN_20250812_141508_26,TCP,1,,512K,29150057.447874427,0.0,,68:54:5a:e2:f2:c0,37491141.0,29992912.0,44,5220,40,10,31,63,-91,50,1,on,1.458,1.859,2.106,68:54:5a:e2:f2:c0,-46.0,8700.0,8733.0,135.0,240.0,37492385.0,105452.0,7.0,TCP,1,,512K,84726837.0589457,0.0,,ac:ed:5c:47:06:cb,109993284.0,87994627.0,40,5200,80,23,7,15,-72,18,1,off,1.295,1.734,2.121,ac:ed:5c:47:06:cb,-45.0,317.0,317.0,135.0,216.0,109993284.0,351951.0,7.0
2025-08-12 14:17:15,RUN_20250812_141649_29,TCP,1,,,42885960.72113059,0.0,,68:54:5a:e2:f2:c0,53237251.0,42589800.0,40,5200,40,17,7,15,-92,0,2,off,0.926,5.813,19.322,68:54:5a:e2:f2:c0,-54.0,461.0,461.0,135.0,300.0,53238089.0,95617.0,7.0,TCP,4,,,129778596.20675768,0.0,,ac:ed:5c:47:06:cb,158644707.0,126915765.0,40,5200,80,10,63,127,-91,0,2,on,1.13,1.726,2.227,ac:ed:5c:47:06:cb,-48.0,239.0,239.0,6.0,866.7,158644707.0,508753.0,9.0
2025-08-12 14:17:48,RUN_20250812_141722_30,UDP,1,10M,,9999229.80608453,2.8498609823911027,0.0808262559252222,68:54:5a:e2:f2:c0,12866820.0,10293456.0,40,5200,40,23,15,31,-91,2,1,on,1.281,1.884,2.202,68:54:5a:e2:f2:c0,-44.0,7.0,7.0,135.0,216.0,12868470.0,14192.0,7.0,TCP,1,,,55975270.01299079,0.0,,ac:ed:5c:47:06:cb,70780353.0,56624282.0,48,5240,20,17,15,31,-91,0,2,off,1.196,1.456,1.7,ac:ed:5c:47:06:cb,-46.0,388.0,388.0,65.0,6.0,70780353.0,336222.0,7.0
2025-08-12 14:18:21,RUN_20250812_141755_31,TCP,16,,,118981240.03637554,0.0,,68:54:5a:e2:f2:c0,142967033.0,114373626.0,44,5220,80,17,15,31,-91,2,1,off,1.514,1.723,1.838,68:54:5a:e2:f2:c0,-47.0,8048.0,8100.0,390.0,866.7,142968331.0,620185.0,9.0,TCP,16,,,34325307.19390583,0.0,,ac:ed:5c:47:06:cb,40853665.0,32682932.0,36,5180,20,17,63,127,-92,41,2,off,0.828,1.415,1.964,ac:ed:5c:47:06:cb,-45.0,2463.0,2500.0,65.0,6.0,40853665.0,901007.0,7.0
2025-08-12 14:20:00,RUN_20250812_141934_34,TCP,1,,512K,105361113.0277567,0.0,,68:54:5a:e2:f2:c0,137573394.0,110058715.0,44,5220,80,17,63,127,-84,53,2,on,1.609,27.849,74.603,68:54:5a:e2:f2:c0,-56.0,1804.0,1856.0,292.5,866.7,137575274.0,232983.0,7.0,UDP,1,10M,,9999228.80616955,0.0,0.1097226507317174,ac:ed:5c:47:06:cb,12866428.0,10293142.0,40,5200,80,23,63,127,-92,7,1,on,1.776,10.845,37.94,ac:ed:5c:47:06:cb,-46.0,43.0,43.0,351.0,9.0,12866788.0,5123.0,8.0
2025-08-12 14:20:33,RUN_20250812_142007_35,TCP,2,,,135998348.82377693,0.0,,68:54:5a:e2:f2:c0,309726459.0,247781167.0,44,5220,80,10,31,63,-84,53,2,on,0.803,1.104,1.575,68:54:5a:e2:f2:c0,-56.0,3466.0,3518.0,292.5,866.7,309727757.0,450482.0,7.0,UDP,1,50M,,48193692.86982633,0.0,0.0424681796124829,ac:ed:5c:47:06:cb,61994715.0,49595772.0,40,5200,40,17,7,15,-91,1,1,on,1.151,1.279,1.518,ac:ed:5c:47:06:cb,-46.0,3164.0,3164.0,135.0,9.0,61994793.0,5476.0,7.0
2025-08-12 14:21:07,RUN_20250812_142040_36,TCP,1,,4M,221246814.6641796,0.0,,68:54:5a:e2:f2:c0,284555839.0,227644671.0,40,5200,80,17,7,15,-92,0,1,on,0.987,1.482,1.756,68:54:5a:e2:f2:c0,-56.0,3088.0,3088.0,390.0,866.7,284557597.0,336014.0,9.0,TCP,4,,,67692662.6421784,0.0,,ac:ed:5c:47:06:cb,82552713.0,66042170.0,44,5220,40,23,31,63,-91,1,2,off,1.691,1.819,2.016,ac:ed:5c:47:06:cb,-43.0,2133.0,2133.0,135.0,300.0,82553073.0,653035.0,7.0
2025-08-12 14:21:39,RUN_20250812_142114_37,TCP,2,,,68735275.2090599,0.0,,68:54:5a:e2:f2:c0,84155273.0,67324218.0,40,5200,40,23,15,31,-92,23,1,on,0.981,1.186,1.767,68:54:5a:e2:f2:c0,-44.0,59.0,59.0,135.0,270.0,84156619.0,186465.0,7.0,UDP,1,100M,,27958921.52451996,0.0,2.1165791072635125,ac:ed:5c:47:06:cb,35967311.0,28773848.0,36,5180,20,10,7,15,-92,43,2,off,0.992,1.15,1.311,ac:ed:5c:47:06:cb,-46.0,2264.0,2264.0,65.0,6.5,35967473.0,5153.0,7.0
2025-08-12 14:22:14,RUN_20250812_142146_38,TCP,4,,,35257790.654954,0.0,,68:54:5a:e2:f2:c0,40756556.0,32605244.0,36,5180,20,10,7,15,-92,37,1,off,1.928,27.038,102.222,68:54:5a:e2:f2:c0,-54.0,174.0,174.0,65.0,144.4,40757800.0,234854.0,7.0,TCP,1,,,26057840.58444776,0.0,,ac:ed:5c:47:06:cb,67643866.0,54115092.0,36,5180,20,17,7,15,-92,35,2,on,0.992,11.415,41.284,ac:ed:5c:47:06:cb,-47.0,2343.0,2343.0,65.0,144.4,67643866.0,155474.0,7.0
2025-08-12 14:22:47,RUN_20250812_142221_39,TCP,2,,,29037110.45798908,0.0,,68:54:5a:e2:f2:c0,33868761.0,27095008.0,48,5240,20,10,63,127,-92,28,1,off,0.918,35.646,109.519,68:54:5a:e2:f2:c0,-57.0,178.0,178.0,65.0,144.4,33870005.0,114640.0,7.0,TCP,1,,1M,30678583.946232043,0.0,,ac:ed:5c:47:06:cb,38535087.0,30828069.0,48,5240,20,10,7,15,-91,31,2,on,1.074,14.979,41.45,ac:ed:5c:47:06:cb,-41.0,91.0,91.0,65.0,6.0,38535087.0,185395.0,7.0
2025-08-12 14:23:53,RUN_20250812_142328_41,TCP,1,,4M,58719574.8529317,0.0,,68:54:5a:e2:f2:c0,70467914.0,56374331.0,40,5200,20,17,7,15,-92,28,2,off,0.736,1.772,2.367,68:54:5a:e2:f2:c0,-57.0,752.0,752.0,65.0,144.4,70469564.0,154703.0,7.0,UDP,1,5M,,4999614.403084775,0.0,0.062915446047865,ac:ed:5c:47:06:cb,6435413.0,5148330.0,36,5180,20,17,7,15,-92,24,1,off,0.892,1.804,2.244,ac:ed:5c:47:06:cb,-49.0,26.0,26.0,65.0,6.5,6435413.0,4853.0,7.0
2025-08-12 14:25:31,RUN_20250812_142506_44,TCP,2,,,23116784.64322495,0.0,,68:54:5a:e2:f2:c0,24042095.0,19233676.0,40,5200,80,10,31,63,-92,0,2,on,0.977,6.27,20.357,68:54:5a:e2:f2:c0,-56.0,1961.0,1961.0,29.3,866.7,24043393.0,174004.0,0.0,UDP,1,10M,,9999227.80625477,0.1969416126042632,1.4988402896983315,ac:ed:5c:47:06:cb,12866399.0,10293119.0,48,5240,20,10,15,31,-87,22,2,off,1.319,14.804,54.662,ac:ed:5c:47:06:cb,-42.0,1826.0,1843.0,65.0,6.0,12866399.0,5007.0,7.0
2025-08-12 14:26:05,RUN_20250812_142538_45,TCP,2,,,29609367.92355568,0.0,,68:54:5a:e2:f2:c0,35148175.0,28118540.0,48,5240,20,10,15,31,-92,0,1,on,1.987,2.035,2.139,68:54:5a:e2:f2:c0,-56.0,327.0,327.0,65.0,144.4,35149452.0,117615.0,7.0,TCP,16,,,33843354.13038383,0.0,,ac:ed:5c:47:06:cb,51494840.0,41195872.0,48,5240,20,10,63,127,-87,22,1,off,1.337,1.703,2.343,ac:ed:5c:47:06:cb,-44.0,1841.0,1858.0,65.0,144.4,51494840.0,889979.0,7.0
2025-08-12 14:28:52,RUN_20250812_142826_50,UDP,1,400M,,60854917.01713897,30.83336505881905,0.0322176848117377,68:54:5a:e2:f2:c0,78280869.0,62624695.0,44,5220,20,10,31,63,-92,7,1,off,1.935,2.005,2.132,68:54:5a:e2:f2:c0,-44.0,5932.0,5947.0,65.0,104.0,78282146.0,9997.0,7.0,UDP,1,200M,,56361664.55551077,0.0,0.212382146879102,ac:ed:5c:47:06:cb,72505089.0,58004071.0,40,5200,20,17,15,31,-91,0,1,on,1.309,2.126,3.339,ac:ed:5c:47:06:cb,-46.0,149.0,149.0,65.0,6.0,72506035.0,19281.0,7.0
2025-08-12 14:29:25,RUN_20250812_142859_51,UDP,1,400M,,15574566.518381156,0.1785050204537002,0.6826935374594172,68:54:5a:e2:f2:c0,20037736.0,16030188.0,44,5220,80,10,7,15,-92,7,1,on,1.08,1.583,2.033,68:54:5a:e2:f2:c0,-45.0,7487.0,7506.0,40.5,162.0,20039034.0,7695.0,2.0,UDP,1,400M,,35552177.09301867,0.0,0.3768091657911346,ac:ed:5c:47:06:cb,118238258.0,94590606.0,40,5200,20,23,31,63,-91,0,1,on,1.671,2.272,2.59,ac:ed:5c:47:06:cb,-47.0,1903.0,1903.0,65.0,6.0,118238258.0,21494.0,7.0
2025-08-12 14:31:04,RUN_20250812_143039_54,UDP,1,50M,,49993827.249382,14.38203809259002,0.266063619621541,68:54:5a:e2:f2:c0,64309777.0,51447821.0,44,5220,80,23,7,15,-91,0,1,off,0.96,1.346,2.372,68:54:5a:e2:f2:c0,-44.0,63.0,63.0,390.0,351.0,64311535.0,9464.0,9.0,UDP,1,50M,,48046558.0135685,0.0,0.3019808709839925,ac:ed:5c:47:06:cb,61805659.0,49444527.0,44,5220,20,10,7,15,-91,0,2,on,1.497,1.981,2.338,ac:ed:5c:47:06:cb,-47.0,213.0,213.0,65.0,6.0,61805659.0,6956.0,7.0
2025-08-12 14:32:43,RUN_20250812_143219_57,TCP,8,,,33708883.80341724,0.0,,68:54:5a:e2:f2:c0,40038963.0,32031170.0,48,5240,20,10,31,63,-91,0,2,off,1.9,1.963,2.067,68:54:5a:e2:f2:c0,-58.0,1511.0,1511.0,65.0,144.4,40040990.0,441498.0,7.0,UDP,1,100M,,82141486.86810505,0.0,0.045495930591967,ac:ed:5c:47:06:cb,105661027.0,84528821.0,44,5220,40,23,63,127,-91,0,2,off,1.147,1.639,2.098,ac:ed:5c:47:06:cb,-43.0,442.0,442.0,135.0,40.5,105661303.0,6369.0,7.0
2025-08-12 14:33:16,RUN_20250812_143251_58,UDP,1,100M,,43659755.45390746,32.2048288670735,0.5952584282128057,68:54:5a:e2:f2:c0,56162375.0,44929900.0,44,5220,20,23,15,31,-91,0,2,on,1.27,1.697,2.149,68:54:5a:e2:f2:c0,-44.0,432.0,433.0,65.0,104.0,56164201.0,13127.0,7.0,UDP,1,50M,,49601127.83086457,0.0,0.0875979727528682,ac:ed:5c:47:06:cb,63804760.0,51043808.0,44,5220,80,23,31,63,-91,0,1,off,2.138,4.871,12.913,ac:ed:5c:47:06:cb,-47.0,514.0,514.0,135.0,6.0,63804760.0,5194.0,7.0
2025-08-12 14:33:49,RUN_20250812_143323_59,TCP,8,,,107633906.30421284,0.0,,68:54:5a:e2:f2:c0,129940593.0,103952474.0,40,5200,80,10,63,127,-92,0,2,on,2.17,2.203,2.272,68:54:5a:e2:f2:c0,-57.0,2931.0,2947.0,6.0,866.7,129942507.0,387959.0,9.0,UDP,1,10M,,9999227.80625477,0.0,0.0958047535134345,ac:ed:5c:47:06:cb,12866436.0,10293148.0,44,5220,20,17,31,63,-91,0,2,off,2.023,2.32,2.54,ac:ed:5c:47:06:cb,-47.0,633.0,633.0,65.0,6.0,12866436.0,5555.0,7.0
2025-08-12 14:34:23,RUN_20250812_143356_60,TCP,4,,,109924422.3377246,0.0,,68:54:5a:e2:f2:c0,140104521.0,112083616.0,44,5220,80,17,15,31,-92,0,2,on,0.998,1.157,1.538,68:54:5a:e2:f2:c0,-56.0,1043.0,1070.0,292.5,866.7,140105885.0,352022.0,7.0,TCP,16,,,188304061.35258156,0.0,,ac:ed:5c:47:06:cb,227931862.0,182345489.0,44,5220,80,17,15,31,-91,0,2,off,1.386,1.852,2.08,ac:ed:5c:47:06:cb,-48.0,76.0,76.0,292.5,866.7,227932138.0,3171739.0,7.0
2025-08-12 14:35:30,RUN_20250812_143504_62,TCP,1,,1M,45935805.36391617,0.0,,68:54:5a:e2:f2:c0,58504849.0,46803879.0,40,5200,80,17,31,63,-89,25,1,off,1.862,1.938,2.018,68:54:5a:e2:f2:c0,-41.0,4884.0,4884.0,135.0,270.0,58506607.0,103902.0,7.0,UDP,1,200M,,29735893.08644462,0.0,0.1992199054889595,ac:ed:5c:47:06:cb,38253118.0,30602494.0,36,5180,20,23,15,31,-91,39,2,on,0.865,0.968,1.13,ac:ed:5c:47:06:cb,-48.0,2477.0,2485.0,65.0,6.0,38253118.0,5916.0,7.0
2025-08-12 14:36:36,RUN_20250812_143611_64,UDP,1,10M,,9999231.805915097,4.92354031510658,1.4343070540689669,68:54:5a:e2:f2:c0,75311404.0,60249123.0,40,5200,20,10,15,31,-89,25,2,on,1.107,1.455,2.132,68:54:5a:e2:f2:c0,-55.0,1001.0,1031.0,65.0,144.4,75313374.0,1221114.0,7.0,UDP,1,400M,,118906527.61973734,0.2688800561140986,1.7695693295568908,ac:ed:5c:47:06:cb,165813667.0,132650933.0,40,5200,80,10,31,63,-92,30,2,on,2.126,2.169,2.267,ac:ed:5c:47:06:cb,-46.0,547.0,547.0,6.0,9.0,165813667.0,10247.0,
2025-08-12 14:37:43,RUN_20250812_143717_66,TCP,16,,,208612406.49995616,0.0,,68:54:5a:e2:f2:c0,255739159.0,204591327.0,40,5200,80,10,31,63,-92,0,2,off,1.519,1.574,1.702,68:54:5a:e2:f2:c0,-57.0,7490.0,7490.0,292.5,866.7,255740917.0,1307976.0,7.0,UDP,1,10M,,9999229.80608453,0.1274328081556997,0.2664893493375671,ac:ed:5c:47:06:cb,12866089.0,10292871.0,44,5220,40,23,15,31,-91,14,1,on,0.98,1.024,1.075,ac:ed:5c:47:06:cb,-47.0,1614.0,1614.0,135.0,12.0,12866089.0,5300.0,7.0
2025-08-12 14:38:49,RUN_20250812_143823_68,TCP,16,,,49034307.06480978,0.0,,68:54:5a:e2:f2:c0,118779484.0,95023587.0,48,5240,20,17,7,15,-92,0,2,on,0.99,1.127,1.512,68:54:5a:e2:f2:c0,-57.0,2661.0,2667.0,65.0,144.4,118780728.0,1302021.0,7.0,TCP,2,,,110415718.78221196,0.0,,ac:ed:5c:47:06:cb,140707147.0,112565717.0,40,5200,40,23,31,63,-91,0,2,off,2.293,2.351,2.435,ac:ed:5c:47:06:cb,-46.0,95.0,95.0,135.0,300.0,140707147.0,569674.0,7.0
2025-08-12 14:39:23,RUN_20250812_143856_69,TCP,4,,,74121562.39537637,0.0,,68:54:5a:e2:f2:c0,93840437.0,75072349.0,44,5220,40,23,15,31,-92,0,2,on,2.002,2.043,2.139,68:54:5a:e2:f2:c0,-55.0,1452.0,1456.0,135.0,300.0,93841837.0,318341.0,7.0,TCP,2,,,199855587.76618356,0.0,,ac:ed:5c:47:06:cb,255573144.0,204458515.0,44,5220,80,17,7,15,-91,0,1,on,1.228,1.932,2.335,ac:ed:5c:47:06:cb,-47.0,328.0,328.0,390.0,866.7,255573420.0,475685.0,9.0
2025-08-12 14:43:14,RUN_20250812_144248_76,TCP,1,,512K,135021578.25616568,0.0,,68:54:5a:e2:f2:c0,176328094.0,141062475.0,40,5200,80,10,63,127,-91,58,1,on,1.612,9.887,34.566,68:54:5a:e2:f2:c0,-44.0,3986.0,3986.0,351.0,866.7,176329852.0,222294.0,8.0,UDP,1,50M,,49996144.03084775,0.0,0.0255117802828424,ac:ed:5c:47:06:cb,64314207.0,51451365.0,44,5220,40,23,31,63,-92,20,1,off,1.296,2.941,6.751,ac:ed:5c:47:06:cb,-47.0,2202.0,2202.0,135.0,24.0,64314267.0,6473.0,7.0
2025-08-12 14:43:47,RUN_20250812_144321_77,TCP,4,,,48174980.3702277,0.0,,68:54:5a:e2:f2:c0,59135175.0,47308140.0,48,5240,20,23,15,31,-91,58,1,on,1.991,2.067,2.164,68:54:5a:e2:f2:c0,-58.0,3195.0,3323.0,65.0,144.4,59136419.0,380472.0,7.0,UDP,1,10M,,9999229.80608453,0.0,0.0970026358378135,ac:ed:5c:47:06:cb,12867096.0,10293676.0,44,5220,20,10,31,63,-92,20,2,on,1.463,2.085,2.514,ac:ed:5c:47:06:cb,-48.0,86.0,86.0,65.0,24.0,12867096.0,6516.0,7.0
2025-08-12 14:44:53,RUN_20250812_144428_79,TCP,1,,512K,27117864.68599373,0.0,,68:54:5a:e2:f2:c0,148261740.0,118609392.0,36,5180,40,10,15,31,-92,44,1,on,1.963,2.145,2.354,68:54:5a:e2:f2:c0,-55.0,3082.0,3091.0,135.0,300.0,148263456.0,81907.0,7.0,TCP,4,,,43085886.6025092,0.0,,ac:ed:5c:47:06:cb,52013620.0,41610896.0,36,5180,20,17,7,15,-92,42,1,on,1.123,1.693,3.116,ac:ed:5c:47:06:cb,-45.0,30.0,30.0,65.0,6.0,52013620.0,601003.0,7.0
2025-08-12 14:46:00,RUN_20250812_144534_81,TCP,1,,1M,34884612.49620382,0.0,,68:54:5a:e2:f2:c0,44282346.0,35425876.0,36,5180,20,23,7,15,-92,40,1,on,2.137,13.002,36.161,68:54:5a:e2:f2:c0,-53.0,194.0,194.0,65.0,144.4,44284029.0,96811.0,7.0,TCP,1,,1M,89894738.6315444,0.0,,ac:ed:5c:47:06:cb,532914837.0,426331869.0,36,5180,80,23,7,15,-92,35,2,on,2.148,21.012,53.121,ac:ed:5c:47:06:cb,-48.0,1370.0,1370.0,292.5,866.7,532914837.0,1023800.0,7.0
2025-08-12 14:46:35,RUN_20250812_144607_82,UDP,1,200M,,68075148.1988144,16.11618765633774,0.0216710039383232,68:54:5a:e2:f2:c0,87568878.0,70055102.0,44,5220,80,17,31,63,-91,38,2,off,0.977,1.683,2.457,68:54:5a:e2:f2:c0,-45.0,137.0,137.0,292.5,468.0,87570332.0,11000.0,7.0,UDP,1,200M,,43510314.31748546,0.0,0.2205557285388307,ac:ed:5c:47:06:cb,55970703.0,44776562.0,44,5220,20,10,63,127,-92,32,2,off,1.6,1.693,1.802,ac:ed:5c:47:06:cb,-46.0,143.0,143.0,65.0,9.0,55971859.0,10832.0,7.0
2025-08-12 14:47:40,RUN_20250812_144714_84,TCP,1,,4M,46135812.291031934,0.0,,68:54:5a:e2:f2:c0,55069755.0,44055804.0,44,5220,40,10,63,127,-89,51,2,off,0.885,1.007,1.22,68:54:5a:e2:f2:c0,-56.0,2863.0,2863.0,135.0,300.0,55070999.0,89627.0,7.0,TCP,4,,,180620031.6015924,0.0,,ac:ed:5c:47:06:cb,225584784.0,180467827.0,36,5180,80,17,15,31,-92,26,1,off,0.891,1.08,1.27,ac:ed:5c:47:06:cb,-48.0,501.0,502.0,390.0,866.7,225584784.0,545698.0,9.0
2025-08-12 14:48:46,RUN_20250812_144820_86,UDP,1,10M,,9999228.80616955,3.3943466172381838,1.7120132272562056,68:54:5a:e2:f2:c0,12866621.0,10293296.0,44,5220,80,23,15,31,-92,49,1,off,1.073,13.2,48.623,68:54:5a:e2:f2:c0,-44.0,1049.0,1054.0,390.0,468.0,12867952.0,9987.0,9.0,TCP,1,,1M,45795205.58260053,0.0,,ac:ed:5c:47:06:cb,58704057.0,46963245.0,36,5180,20,10,15,31,-92,36,2,on,1.67,2.795,5.856,ac:ed:5c:47:06:cb,-46.0,3714.0,3731.0,65.0,144.4,58704057.0,283622.0,7.0
2025-08-12 14:49:52,RUN_20250812_144926_88,UDP,1,100M,,42083181.14286897,9.26807784414655,0.5819850514107987,68:54:5a:e2:f2:c0,54135545.0,43308436.0,36,5180,40,10,63,127,-92,38,2,off,1.074,1.751,1.991,68:54:5a:e2:f2:c0,-45.0,2.0,2.0,135.0,243.0,54136789.0,15241.0,7.0,UDP,1,50M,,37895594.43524452,0.0,0.3351092434770426,ac:ed:5c:47:06:cb,48748229.0,38998583.0,36,5180,20,17,15,31,-92,27,2,on,1.286,1.372,1.478,ac:ed:5c:47:06:cb,-43.0,134.0,134.0,65.0,6.0,48748229.0,5180.0,7.0
2025-08-12 14:50:58,RUN_20250812_145033_90,UDP,1,400M,,50932118.64983894,8.25372998544396,0.8830536565211977,68:54:5a:e2:f2:c0,65516738.0,52413390.0,44,5220,20,17,15,31,-92,32,1,off,1.107,18.895,70.815,68:54:5a:e2:f2:c0,-43.0,3170.0,3228.0,65.0,104.0,65517576.0,15447.0,7.0,TCP,4,,,112552201.04226688,0.0,,ac:ed:5c:47:06:cb,140911112.0,112728889.0,36,5180,40,17,63,127,-91,29,1,on,1.942,10.343,32.361,ac:ed:5c:47:06:cb,-45.0,85.0,85.0,135.0,300.0,140911694.0,1273997.0,7.0
2025-08-12 14:51:33,RUN_20250812_145106_91,TCP,4,,,114890006.6099273,0.0,,68:54:5a:e2:f2:c0,144583659.0,115666927.0,44,5220,80,10,7,15,-92,32,2,off,0.792,5.434,18.378,68:54:5a:e2:f2:c0,-56.0,1246.0,1246.0,292.5,866.7,144584957.0,281277.0,7.0,UDP,1,50M,,29006098.149995167,0.0,0.931441310541087,ac:ed:5c:47:06:cb,37314419.0,29851535.0,36,5180,20,10,31,63,-92,29,2,on,1.851,1.893,1.936,ac:ed:5c:47:06:cb,-44.0,2063.0,2063.0,65.0,24.0,37314419.0,5467.0,7.0
2025-08-12 14:52:06,RUN_20250812_145141_92,TCP,1,,,39051566.85339135,0.0,,68:54:5a:e2:f2:c0,48366913.0,38693530.0,36,5180,40,23,7,15,-92,40,1,off,1.918,1.978,2.123,68:54:5a:e2:f2:c0,-56.0,88.0,88.0,135.0,300.0,48368563.0,96870.0,7.0,UDP,1,50M,,37711406.53760704,0.0,0.2957814452865986,ac:ed:5c:47:06:cb,85823056.0,68658444.0,36,5180,20,10,15,31,-92,29,2,off,1.996,2.177,2.313,ac:ed:5c:47:06:cb,-44.0,2174.0,2174.0,65.0,6.0,85823056.0,6653.0,7.0
2025-08-12 14:52:39,RUN_20250812_145214_93,TCP,1,,1M,68819780.1004409,0.0,,68:54:5a:e2:f2:c0,88113461.0,70490768.0,36,5180,80,23,63,127,-91,29,2,on,1.242,1.833,2.137,68:54:5a:e2:f2:c0,-45.0,3516.0,3516.0,135.0,270.0,88115219.0,138549.0,7.0,TCP,2,,,52680556.227763,0.0,,ac:ed:5c:47:06:cb,66134141.0,52907312.0,44,5220,20,23,31,63,-92,28,1,on,0.924,1.31,1.734,ac:ed:5c:47:06:cb,-46.0,1083.0,1083.0,65.0,130.0,66134141.0,464388.0,7.0
2025-08-12 14:53:12,RUN_20250812_145246_94,UDP,1,200M,,70065634.822786,13.117301810366207,4.505551500263915,68:54:5a:e2:f2:c0,90126922.0,72101537.0,48,5240,20,23,63,127,-89,26,2,on,1.101,1.127,1.195,68:54:5a:e2:f2:c0,-45.0,363.0,365.0,65.0,78.0,90128166.0,6806.0,7.0,TCP,1,,1M,55021917.2317905,0.0,,ac:ed:5c:47:06:cb,70624029.0,56499223.0,36,5180,20,17,15,31,-91,29,2,off,2.121,2.208,2.297,ac:ed:5c:47:06:cb,-44.0,2.0,2.0,65.0,6.0,70624029.0,328678.0,7.0
2025-08-12 14:54:19,RUN_20250812_145353_96,TCP,1,,2M,60816757.26069731,0.0,,68:54:5a:e2:f2:c0,91156170.0,72924936.0,36,5180,80,10,63,127,-91,35,1,off,0.925,1.111,1.492,68:54:5a:e2:f2:c0,-56.0,429.0,429.0,390.0,866.7,91157928.0,101196.0,9.0,TCP,8,,,46255556.9633177,0.0,,ac:ed:5c:47:06:cb,56874825.0,45499860.0,36,5180,20,17,31,63,-92,29,2,off,0.915,1.327,1.712,ac:ed:5c:47:06:cb,-46.0,120.0,120.0,65.0,144.4,56874825.0,1100002.0,7.0
2025-08-12 14:56:30,RUN_20250812_145604_100,TCP,4,,,46457014.12171218,0.0,,68:54:5a:e2:f2:c0,56181585.0,44945268.0,40,5200,20,17,15,31,-91,40,1,on,1.015,16.488,60.783,68:54:5a:e2:f2:c0,-57.0,6693.0,6829.0,65.0,144.4,56182829.0,354467.0,7.0,TCP,16,,,57348077.25287984,0.0,,ac:ed:5c:47:06:cb,69775502.0,55820401.0,44,5220,20,17,7,15,-91,56,2,off,1.029,45.546,104.09,ac:ed:5c:47:06:cb,-47.0,310.0,310.0,65.0,144.4,69775502.0,1649819.0,7.0
2025-08-12 14:57:05,RUN_20250812_145637_101,UDP,1,100M,,99992288.0616955,10.363762743280816,0.0245529737943678,68:54:5a:e2:f2:c0,128621779.0,102897423.0,36,5180,80,17,31,63,-92,15,2,off,1.16,1.512,1.714,68:54:5a:e2:f2:c0,-43.0,982.0,982.0,292.5,351.0,128623110.0,8631.0,7.0,TCP,1,,512K,62781214.65658222,0.0,,ac:ed:5c:47:06:cb,81242611.0,64994088.0,44,5220,80,10,63,127,-91,56,2,off,1.186,1.583,1.954,ac:ed:5c:47:06:cb,-44.0,4968.0,4968.0,135.0,300.0,81242611.0,264210.0,7.0
2025-08-12 14:57:38,RUN_20250812_145712_102,TCP,1,,512K,59541158.63429779,0.0,,68:54:5a:e2:f2:c0,77146446.0,61717156.0,44,5220,40,17,63,127,-92,12,1,on,0.963,1.033,1.114,68:54:5a:e2:f2:c0,-55.0,1.0,1.0,135.0,300.0,77148096.0,133297.0,7.0,UDP,1,50M,,49996144.03084775,0.0,0.251315321783017,ac:ed:5c:47:06:cb,145552698.0,116442158.0,44,5220,80,23,15,31,-91,56,1,off,2.076,2.166,2.357,ac:ed:5c:47:06:cb,-47.0,4998.0,4998.0,135.0,6.0,145552698.0,265339.0,7.0
2025-08-12 14:58:45,RUN_20250812_145819_104,TCP,1,,4M,61864721.95967202,0.0,,68:54:5a:e2:f2:c0,75526413.0,60421130.0,44,5220,40,23,7,15,-92,12,2,off,1.911,9.733,26.691,68:54:5a:e2:f2:c0,-56.0,1434.0,1434.0,135.0,300.0,75527583.0,121300.0,7.0,TCP,16,,,29909448.33110953,0.0,,ac:ed:5c:47:06:cb,34322149.0,27457719.0,48,5240,20,17,63,127,-91,56,2,off,0.782,25.38,97.243,ac:ed:5c:47:06:cb,-45.0,2030.0,2030.0,65.0,144.4,34322305.0,786345.0,7.0
2025-08-12 14:59:18,RUN_20250812_145852_105,TCP,16,,,46670100.88353719,0.0,,68:54:5a:e2:f2:c0,52322107.0,41857685.0,44,5220,40,10,63,127,-92,12,1,on,2.036,5.129,14.13,68:54:5a:e2:f2:c0,-56.0,211.0,211.0,135.0,300.0,52323757.0,496618.0,7.0,TCP,1,,1M,35630149.569483,0.0,,ac:ed:5c:47:06:cb,45756603.0,36605282.0,44,5220,20,23,15,31,-91,56,2,on,2.071,2.124,2.224,ac:ed:5c:47:06:cb,-45.0,171.0,171.0,65.0,144.4,45756603.0,218489.0,7.0
2025-08-12 15:07:02,RUN_20250812_150637_118,TCP,8,,,33716928.40851728,0.0,,68:54:5a:e2:f2:c0,39041565.0,31233252.0,36,5180,20,10,31,63,-92,29,2,off,0.96,1.45,1.902,68:54:5a:e2:f2:c0,-54.0,183.0,184.0,65.0,144.4,39043215.0,420833.0,7.0,TCP,1,,512K,49332257.87806649,0.0,,ac:ed:5c:47:06:cb,64072970.0,51258376.0,36,5180,40,10,7,15,-92,39,2,off,2.288,2.363,2.448,ac:ed:5c:47:06:cb,-45.0,86.0,86.0,135.0,300.0,64073552.0,210430.0,7.0
2025-08-12 15:08:09,RUN_20250812_150743_120,UDP,1,50M,,44906179.64118084,0.0335345405767941,0.858691333184306,68:54:5a:e2:f2:c0,57766019.0,46212815.0,36,5180,40,10,31,63,-92,37,1,off,1.004,1.919,2.516,68:54:5a:e2:f2:c0,-45.0,2456.0,2456.0,135.0,162.0,57767263.0,9879.0,7.0,TCP,1,,,188951165.5762462,0.0,,ac:ed:5c:47:06:cb,617262768.0,493810214.0,44,5220,80,10,63,127,-91,30,1,off,1.22,1.259,1.306,ac:ed:5c:47:06:cb,-46.0,3808.0,3808.0,390.0,866.7,617262768.0,1080184.0,9.0
2025-08-12 15:10:22,RUN_20250812_150956_124,TCP,16,,,81926283.4006154,0.0,,68:54:5a:e2:f2:c0,94391522.0,75513217.0,36,5180,40,17,31,63,-92,35,1,on,1.029,1.061,1.134,68:54:5a:e2:f2:c0,-53.0,6440.0,6483.0,135.0,300.0,94392766.0,914441.0,7.0,UDP,1,50M,,49996139.03127385,0.0,0.640656349297524,ac:ed:5c:47:06:cb,64313025.0,51450420.0,44,5220,80,10,15,31,-92,20,1,off,0.951,1.551,2.301,ac:ed:5c:47:06:cb,-45.0,3542.0,3542.0,390.0,6.0,64313181.0,5850.0,9.0
2025-08-12 15:10:55,RUN_20250812_151029_125,TCP,1,,512K,46509118.1741692,0.0,,68:54:5a:e2:f2:c0,60453521.0,48362816.0,36,5180,20,17,7,15,-92,31,2,off,0.98,1.726,2.047,68:54:5a:e2:f2:c0,-44.0,3129.0,3129.0,65.0,130.0,60455249.0,132815.0,7.0,TCP,8,,,56868574.84795452,0.0,,ac:ed:5c:47:06:cb,69909984.0,55927987.0,40,5200,20,23,15,31,-92,20,2,on,1.094,1.743,2.273,ac:ed:5c:47:06:cb,-47.0,336.0,336.0,65.0,144.4,69909984.0,1392308.0,7.0
2025-08-12 15:11:30,RUN_20250812_151102_126,TCP,2,,,50853825.566239,0.0,,68:54:5a:e2:f2:c0,60909019.0,48727215.0,36,5180,40,23,15,31,-92,31,1,off,1.022,1.647,1.967,68:54:5a:e2:f2:c0,-41.0,607.0,609.0,135.0,6.0,60910863.0,140865.0,7.0,TCP,1,,,33321006.13683188,0.0,,ac:ed:5c:47:06:cb,40898242.0,32718593.0,36,5180,20,23,7,15,-92,24,1,on,1.258,1.613,2.234,ac:ed:5c:47:06:cb,-47.0,28.0,28.0,65.0,144.4,40898242.0,197157.0,7.0
2025-08-12 15:12:03,RUN_20250812_151137_127,UDP,1,10M,,9999230.805999711,5.54911955514365,0.996741502725928,68:54:5a:e2:f2:c0,12866436.0,10293148.0,44,5220,20,17,31,63,-92,28,2,on,1.18,1.864,2.153,68:54:5a:e2:f2:c0,-45.0,6346.0,6377.0,65.0,104.0,12867883.0,8422.0,7.0,TCP,1,,2M,55178392.40627466,0.0,,ac:ed:5c:47:06:cb,70896587.0,56717269.0,40,5200,20,23,31,63,-92,23,2,off,2.211,9.101,24.605,ac:ed:5c:47:06:cb,-48.0,182.0,182.0,65.0,144.4,70896587.0,332410.0,7.0
2025-08-12 15:14:15,RUN_20250812_151349_131,UDP,1,200M,,165728645.370837,44.77591075572455,0.1038818512709146,68:54:5a:e2:f2:c0,213176076.0,170540860.0,44,5220,40,23,7,15,-83,39,1,off,1.088,19.629,50.499,68:54:5a:e2:f2:c0,-45.0,4783.0,4830.0,135.0,162.0,213176914.0,8404.0,7.0,UDP,1,50M,,49996149.030422665,0.0,0.0366064534328242,ac:ed:5c:47:06:cb,64313798.0,51451038.0,36,5180,40,17,63,127,-91,34,1,off,2.066,9.602,31.921,ac:ed:5c:47:06:cb,-46.0,62.0,62.0,135.0,6.0,64313798.0,6725.0,7.0
2025-08-12 15:15:21,RUN_20250812_151456_133,UDP,1,400M,,28900696.17456984,15.59982364022606,0.5311827302806542,68:54:5a:e2:f2:c0,37179285.0,29743428.0,48,5240,20,17,31,63,-90,27,1,on,1.518,1.961,2.184,68:54:5a:e2:f2:c0,-46.0,1422.0,1423.0,65.0,117.0,37180529.0,13888.0,7.0,UDP,1,100M,,63421892.624859,0.0,0.0775924048492802,ac:ed:5c:47:06:cb,81582192.0,65265753.0,44,5220,80,17,15,31,-92,30,1,on,1.869,2.144,2.314,ac:ed:5c:47:06:cb,-45.0,1147.0,1147.0,135.0,6.0,81582192.0,5447.0,7.0
2025-08-12 15:16:28,RUN_20250812_151602_135,UDP,1,100M,,97608876.2995845,13.573140917614108,0.8987365461029965,68:54:5a:e2:f2:c0,125555229.0,100444183.0,36,5180,80,23,63,127,-92,21,1,off,1.578,21.938,82.851,68:54:5a:e2:f2:c0,-42.0,3.0,3.0,351.0,6.0,125556067.0,12974.0,8.0,TCP,1,,2M,183077712.57522035,0.0,,ac:ed:5c:47:06:cb,238740657.0,190992525.0,36,5180,80,17,7,15,-92,40,2,on,1.009,1.068,1.176,ac:ed:5c:47:06:cb,-47.0,149.0,149.0,292.5,866.7,238740855.0,424071.0,7.0
2025-08-12 15:17:01,RUN_20250812_151635_136,TCP,2,,,33576945.8997033,0.0,,68:54:5a:e2:f2:c0,40857646.0,32686116.0,44,5220,20,10,31,63,-92,19,1,on,1.003,1.668,2.92,68:54:5a:e2:f2:c0,-44.0,2595.0,2596.0,65.0,117.0,40858890.0,141752.0,7.0,UDP,1,100M,,99995773.23339146,0.5085550780209214,0.1831268802685854,ac:ed:5c:47:06:cb,367363897.0,293891117.0,36,5180,80,17,63,127,-91,26,1,on,2.193,36.323,110.092,ac:ed:5c:47:06:cb,-44.0,1751.0,1751.0,390.0,9.0,367363897.0,425417.0,9.0
2025-08-12 15:17:35,RUN_20250812_151708_137,UDP,1,10M,,9999230.805999711,3.568118628359592,1.6767492982093262,68:54:5a:e2:f2:c0,12866493.0,10293194.0,36,5180,80,10,31,63,-92,4,1,off,1.557,1.612,1.711,68:54:5a:e2:f2:c0,-43.0,245.0,245.0,351.0,351.0,12867791.0,8178.0,8.0,TCP,1,,,102549409.91261214,0.0,,ac:ed:5c:47:06:cb,131345843.0,105076674.0,44,5220,40,10,31,63,-92,23,2,off,1.819,1.872,1.982,ac:ed:5c:47:06:cb,-44.0,3790.0,3790.0,135.0,300.0,131346119.0,433237.0,7.0
2025-08-12 15:22:04,RUN_20250812_152139_145,TCP,8,,,48644053.9628931,0.0,,68:54:5a:e2:f2:c0,67227739.0,53782191.0,40,5200,20,17,63,127,-92,15,1,on,0.983,1.361,2.075,68:54:5a:e2:f2:c0,-54.0,2639.0,2643.0,65.0,144.4,67229043.0,657195.0,7.0,UDP,1,5M,,4999614.903042266,0.0,0.127918420606951,ac:ed:5c:47:06:cb,6435209.0,5148167.0,44,5220,40,23,7,15,-92,30,2,on,1.27,1.734,2.18,ac:ed:5c:47:06:cb,-45.0,7.0,7.0,135.0,6.0,6435791.0,6350.0,7.0
2025-08-12 15:25:27,RUN_20250812_152508_151,TCP,16,,,48896298.25996289,0.0,,68:54:5a:e2:f2:c0,56765483.0,45412386.0,36,5180,20,10,7,15,-92,38,1,on,34.431,76.411,113.664,68:54:5a:e2:f2:c0,-48.0,6.0,6.0,65.0,144.4,56767510.0,1136303.0,7.0,UDP,1,10M,,9999230.805999711,0.0,0.0862312198021757,ac:ed:5c:47:06:cb,12866113.0,10292890.0,36,5180,20,23,31,63,-92,32,2,off,27.542,62.294,97.152,ac:ed:5c:47:06:cb,-49.0,139.0,139.0,65.0,18.0,12866113.0,4997.0,7.0
2025-08-12 15:26:00,RUN_20250812_152535_152,UDP,1,5M,,4999615.902957547,0.0,2.041001276633373,68:54:5a:e2:f2:c0,6434881.0,5147904.0,36,5180,80,23,15,31,-92,35,1,off,18.761,54.284,88.289,68:54:5a:e2:f2:c0,-43.0,625.0,625.0,234.0,468.0,6435752.0,10396.0,5.0,UDP,1,50M,,49996139.03127385,0.0996292863762743,0.2392013528851856,ac:ed:5c:47:06:cb,77176182.0,61740945.0,36,5180,20,10,63,127,-92,31,2,off,121.788,145.911,168.3,ac:ed:5c:47:06:cb,-49.0,157.0,157.0,65.0,6.0,77176182.0,6376.0,7.0
2025-08-12 15:27:07,RUN_20250812_152641_154,UDP,1,400M,,60222429.46505017,0.0577056243748557,0.6009424085215013,68:54:5a:e2:f2:c0,90331696.0,72265356.0,44,5220,40,23,15,31,-89,34,2,off,122.429,156.889,191.592,68:54:5a:e2:f2:c0,-45.0,44.0,44.0,135.0,270.0,90332534.0,14946.0,7.0,UDP,1,200M,,54725858.86571497,0.0,0.0777157099167647,ac:ed:5c:47:06:cb,70396649.0,56317319.0,44,5220,40,10,15,31,-92,31,1,on,13.081,52.154,88.453,ac:ed:5c:47:06:cb,-45.0,42.0,42.0,135.0,9.0,70397883.0,6813.0,7.0
2025-08-12 15:28:13,RUN_20250812_152747_156,TCP,1,,4M,82836294.59009898,0.0,,68:54:5a:e2:f2:c0,102486884.0,81989507.0,36,5180,40,23,7,15,-92,32,1,off,18.878,53.49,88.645,68:54:5a:e2:f2:c0,-44.0,6332.0,6332.0,135.0,216.0,102487722.0,156997.0,7.0,TCP,16,,,5388812.67312919,0.0,,ac:ed:5c:47:06:cb,6278774.0,5023019.0,44,5220,80,23,31,63,-84,26,2,off,18.251,52.908,88.314,ac:ed:5c:47:06:cb,-43.0,625.0,625.0,6.0,6.0,6278774.0,231354.0,
2025-08-12 15:28:48,RUN_20250812_152820_157,UDP,1,400M,,56625619.857603125,0.0,0.4121898856762095,68:54:5a:e2:f2:c0,72839712.0,58271769.0,36,5180,20,17,63,127,-92,31,1,off,19.251,54.329,89.112,68:54:5a:e2:f2:c0,-43.0,3.0,3.0,65.0,78.0,72841132.0,7146.0,7.0,TCP,1,,4M,,0.0,,ac:ed:5c:47:06:cb,2983.0,2386.0,44,5220,40,23,63,127,-84,26,2,off,18.571,53.613,88.913,ac:ed:5c:47:06:cb,-47.0,0.0,0.0,135.0,18.0,3791.0,4726.0,7.0
2025-08-12 15:29:21,RUN_20250812_152855_158,UDP,1,50M,,49996149.030422665,0.0,0.030217779070361,68:54:5a:e2:f2:c0,64312421.0,51449936.0,36,5180,40,17,63,127,-92,26,1,on,121.746,156.051,191.488,68:54:5a:e2:f2:c0,-45.0,0.0,0.0,135.0,162.0,64313259.0,5705.0,7.0,TCP,1,,512K,54336471.09881792,0.0,,ac:ed:5c:47:06:cb,70477184.0,56381747.0,48,5240,20,10,7,15,-84,26,1,on,1.178,31.365,121.059,ac:ed:5c:47:06:cb,-46.0,540.0,540.0,65.0,6.0,70477184.0,329216.0,7.0
2025-08-12 15:30:27,RUN_20250812_153002_160,UDP,1,100M,,99991129.67096265,0.0,0.0982461535426748,68:54:5a:e2:f2:c0,128619294.0,102895435.0,36,5180,40,10,15,31,-92,38,1,off,17.824,53.192,88.487,68:54:5a:e2:f2:c0,-44.0,547.0,547.0,135.0,216.0,128620165.0,10266.0,7.0,TCP,8,,,111369367.03967156,0.0,,ac:ed:5c:47:06:cb,138021133.0,110416906.0,44,5220,40,10,15,31,-91,12,2,off,19.739,54.12,89.532,ac:ed:5c:47:06:cb,-44.0,1148.0,1148.0,135.0,300.0,138021289.0,2114807.0,7.0
2025-08-12 15:31:01,RUN_20250812_153035_161,TCP,8,,,67021494.1109566,0.0,,68:54:5a:e2:f2:c0,209576439.0,167661151.0,36,5180,40,10,7,15,-92,34,1,off,121.337,155.821,190.137,68:54:5a:e2:f2:c0,-54.0,6551.0,6551.0,135.0,300.0,209577277.0,419761.0,7.0,UDP,1,400M,,111214766.36039248,0.0,0.0593376037838102,ac:ed:5c:47:06:cb,143056757.0,114445405.0,44,5220,80,23,15,31,-91,12,2,on,121.306,155.95,191.148,ac:ed:5c:47:06:cb,-46.0,1076.0,1076.0,292.5,18.0,143056955.0,5497.0,7.0
2025-08-12 15:32:08,RUN_20250812_153140_163,TCP,2,,,56201386.20358152,0.0,,68:54:5a:e2:f2:c0,68957086.0,55165668.0,40,5200,20,17,31,63,-92,25,1,on,122.291,156.659,190.673,68:54:5a:e2:f2:c0,-44.0,1906.0,1906.0,65.0,130.0,68957957.0,205761.0,7.0,UDP,1,400M,,56458811.57538856,0.0,0.3288750864233354,ac:ed:5c:47:06:cb,72625482.0,58100385.0,44,5220,20,23,7,15,-92,18,1,on,11.821,129.27,192.47,ac:ed:5c:47:06:cb,-46.0,265.0,265.0,65.0,6.0,72626064.0,6524.0,7.0
2025-08-12 15:32:41,RUN_20250812_153215_164,UDP,1,50M,,49996149.030422665,0.0,0.1706544452091081,68:54:5a:e2:f2:c0,64312602.0,51450081.0,48,5240,20,23,31,63,-92,25,2,on,123.179,157.597,191.91,68:54:5a:e2:f2:c0,-46.0,1854.0,1854.0,65.0,78.0,64313440.0,5815.0,7.0,TCP,1,,512K,53189614.5246257,0.0,,ac:ed:5c:47:06:cb,141465286.0,113172228.0,44,5220,20,17,15,31,-92,18,1,off,120.241,154.682,189.757,ac:ed:5c:47:06:cb,-47.0,1454.0,1454.0,65.0,130.0,141465286.0,318006.0,7.0
2025-08-12 15:33:13,RUN_20250812_153248_165,UDP,1,100M,,56704390.435315564,0.0,0.69305068254782,68:54:5a:e2:f2:c0,137253247.0,109802597.0,48,5240,20,10,63,127,-92,25,2,off,123.242,157.632,191.869,68:54:5a:e2:f2:c0,-46.0,2255.0,2255.0,65.0,117.0,137254145.0,13592.0,7.0,TCP,2,,,56995119.44007207,0.0,,ac:ed:5c:47:06:cb,212009427.0,169607541.0,44,5220,20,10,7,15,-92,18,1,off,120.645,155.224,190.354,ac:ed:5c:47:06:cb,-46.0,1737.0,1737.0,65.0,144.4,212009427.0,813084.0,7.0
2025-08-12 15:34:20,RUN_20250812_153354_167,TCP,4,,,53039556.85854677,0.0,,68:54:5a:e2:f2:c0,63847079.0,51077663.0,44,5220,20,23,15,31,-91,30,1,off,122.687,155.192,191.442,68:54:5a:e2:f2:c0,-54.0,60.0,60.0,65.0,144.4,63847917.0,413744.0,7.0,UDP,1,5M,,4999614.903042266,0.0,3.2951502831475032,ac:ed:5c:47:06:cb,6435371.0,5148296.0,44,5220,20,10,31,63,-92,18,2,off,121.233,154.6,183.922,ac:ed:5c:47:06:cb,-46.0,147.0,147.0,65.0,6.0,6435371.0,5384.0,7.0
2025-08-12 15:35:26,RUN_20250812_153501_169,UDP,1,50M,,49941699.66640267,1.96924361561478,0.0185930030951282,68:54:5a:e2:f2:c0,64242940.0,51394352.0,44,5220,80,10,15,31,-91,30,1,on,19.252,53.974,89.047,68:54:5a:e2:f2:c0,-44.0,745.0,745.0,390.0,468.0,64243778.0,10488.0,9.0,UDP,1,100M,,42266202.67037863,0.0,0.532192923087452,ac:ed:5c:47:06:cb,54369998.0,43495998.0,40,5200,20,10,31,63,-89,7,1,off,17.714,52.912,87.58,ac:ed:5c:47:06:cb,-47.0,4140.0,4140.0,65.0,6.0,54369998.0,5191.0,7.0
2025-08-12 15:36:35,RUN_20250812_153607_171,TCP,1,,512K,170937125.09851125,0.0,,68:54:5a:e2:f2:c0,222887339.0,178309871.0,36,5180,80,23,15,31,-92,26,2,off,18.566,53.47,88.367,68:54:5a:e2:f2:c0,-45.0,6174.0,6174.0,292.5,780.0,222888177.0,253735.0,7.0,UDP,1,10M,,9999230.805999711,0.139017608897127,0.67679386819183,ac:ed:5c:47:06:cb,12866048.0,10292838.0,44,5220,20,23,63,127,-89,7,2,on,18.725,53.624,87.833,ac:ed:5c:47:06:cb,-46.0,2343.0,2359.0,65.0,6.0,12866048.0,5203.0,7.0
2025-08-12 15:37:08,RUN_20250812_153642_172,TCP,4,,,181392206.1797609,0.0,,68:54:5a:e2:f2:c0,227550941.0,182040752.0,36,5180,80,23,15,31,-92,25,2,on,19.002,54.119,89.368,68:54:5a:e2:f2:c0,-56.0,1545.0,1545.0,292.5,866.7,227551779.0,316267.0,7.0,TCP,16,,,17389704.29634145,0.0,,ac:ed:5c:47:06:cb,19408046.0,15526436.0,48,5240,20,10,7,15,-89,7,1,off,19.073,53.382,87.743,ac:ed:5c:47:06:cb,-46.0,1772.0,1801.0,65.0,6.0,19409202.0,405252.0,7.0
2025-08-12 15:37:41,RUN_20250812_153715_173,TCP,1,,4M,101709980.1943684,0.0,,68:54:5a:e2:f2:c0,127628365.0,102102692.0,44,5220,80,17,15,31,-92,23,1,on,19.127,54.081,89.037,68:54:5a:e2:f2:c0,-41.0,3508.0,3509.0,351.0,866.7,127629236.0,141663.0,8.0,TCP,8,,,34399433.60679672,0.0,,ac:ed:5c:47:06:cb,41353086.0,33082468.0,36,5180,20,10,31,63,-92,21,2,off,19.54,54.368,89.332,ac:ed:5c:47:06:cb,-49.0,3134.0,3161.0,65.0,6.0,41353086.0,678499.0,7.0
2025-08-12 15:38:13,RUN_20250812_153748_174,UDP,1,100M,,56929118.25996575,0.0,0.2081352119212665,68:54:5a:e2:f2:c0,73231293.0,58585034.0,40,5200,20,23,7,15,-92,23,2,off,122.103,156.787,191.839,68:54:5a:e2:f2:c0,-44.0,106.0,106.0,65.0,78.0,73232164.0,6887.0,7.0,TCP,1,,4M,,0.0,,ac:ed:5c:47:06:cb,2985.0,2388.0,36,5180,40,23,31,63,-92,14,1,off,120.75,155.354,190.341,ac:ed:5c:47:06:cb,-50.0,4.0,4.0,135.0,24.0,3957.0,5232.0,7.0
2025-08-12 15:38:47,RUN_20250812_153821_175,TCP,4,,,35460050.7527261,0.0,,68:54:5a:e2:f2:c0,116034573.0,92827658.0,40,5200,20,23,31,63,-92,23,1,on,122.131,156.419,191.261,68:54:5a:e2:f2:c0,-56.0,176.0,176.0,65.0,144.4,116035411.0,247344.0,7.0,TCP,8,,,31687613.723498847,0.0,,ac:ed:5c:47:06:cb,37020347.0,29616277.0,40,5200,20,17,15,31,-91,13,1,off,129.022,157.449,190.495,ac:ed:5c:47:06:cb,-47.0,6.0,6.0,65.0,144.4,37020347.0,613416.0,7.0
2025-08-12 15:41:34,RUN_20250812_154108_180,TCP,1,,4M,130021941.74986406,0.0,,68:54:5a:e2:f2:c0,164621997.0,131697597.0,44,5220,80,17,31,63,-92,4,2,off,108.168,143.37,178.2,68:54:5a:e2:f2:c0,-56.0,71.0,71.0,292.5,866.7,164622868.0,189741.0,7.0,UDP,1,400M,,56869200.40083908,0.0,0.1832896331749883,ac:ed:5c:47:06:cb,73153672.0,58522937.0,44,5220,40,23,63,127,-92,29,1,off,10.753,45.48,80.522,ac:ed:5c:47:06:cb,-44.0,88.0,88.0,135.0,27.0,73153750.0,6594.0,7.0
2025-08-12 15:42:41,RUN_20250812_154215_182,UDP,1,10M,,9999229.80608453,0.0926784059314179,2.1571586771897264,68:54:5a:e2:f2:c0,12865964.0,10292771.0,44,5220,80,17,31,63,-92,4,1,off,120.404,155.402,190.807,68:54:5a:e2:f2:c0,-41.0,188.0,188.0,390.0,468.0,12866835.0,10678.0,9.0,UDP,1,200M,,51539135.9486532,0.0,0.2309227923742256,ac:ed:5c:47:06:cb,66298170.0,53038536.0,40,5200,20,17,63,127,-92,29,2,off,121.226,155.57,190.242,ac:ed:5c:47:06:cb,-46.0,2641.0,2641.0,65.0,24.0,66298326.0,6063.0,7.0
2025-08-12 15:43:47,RUN_20250812_154320_184,TCP,1,,512K,54693281.72054194,0.0,,68:54:5a:e2:f2:c0,70808074.0,56646459.0,44,5220,20,17,63,127,-92,4,2,on,18.982,54.193,88.501,68:54:5a:e2:f2:c0,-55.0,512.0,512.0,65.0,144.4,70808912.0,143239.0,7.0,UDP,1,50M,,49996144.03084775,0.0,0.0779973744740325,ac:ed:5c:47:06:cb,64313569.0,51450855.0,36,5180,40,10,63,127,-92,24,1,off,18.962,53.947,88.807,ac:ed:5c:47:06:cb,-45.0,28.0,28.0,135.0,24.0,64313725.0,6285.0,7.0
2025-08-12 15:44:53,RUN_20250812_154428_186,TCP,2,,,57560390.90470285,0.0,,68:54:5a:e2:f2:c0,72580304.0,58064243.0,48,5240,20,10,63,127,-92,4,1,on,19.013,53.067,87.23,68:54:5a:e2:f2:c0,-56.0,1.0,1.0,65.0,144.4,72581626.0,231472.0,7.0,TCP,1,,1M,55491355.44941234,0.0,,ac:ed:5c:47:06:cb,70692138.0,56553710.0,36,5180,20,17,15,31,-92,30,1,on,17.934,52.888,87.642,ac:ed:5c:47:06:cb,-47.0,0.0,0.0,65.0,6.0,70692138.0,328290.0,7.0
2025-08-12 15:45:26,RUN_20250812_154501_187,UDP,1,5M,,4999615.902957547,0.0,0.347996164942379,68:54:5a:e2:f2:c0,6435114.0,5148091.0,44,5220,40,10,7,15,-92,4,2,on,122.746,157.173,191.485,68:54:5a:e2:f2:c0,-45.0,1.0,1.0,135.0,162.0,6435952.0,7240.0,7.0,TCP,8,,,56868597.59509103,0.0,,ac:ed:5c:47:06:cb,140088106.0,112070484.0,36,5180,20,10,63,127,-92,30,1,off,121.843,156.593,191.708,ac:ed:5c:47:06:cb,-48.0,252.0,252.0,65.0,144.4,140088106.0,1699215.0,7.0
2025-08-12 15:48:13,RUN_20250812_154748_192,UDP,1,400M,,29008417.831815563,0.0,0.989110461519266,68:54:5a:e2:f2:c0,37318286.0,29854628.0,44,5220,20,10,15,31,-91,49,2,on,120.791,155.429,190.473,68:54:5a:e2:f2:c0,-44.0,218.0,218.0,65.0,104.0,37319124.0,7048.0,7.0,TCP,1,,512K,27178065.5344398,0.0,,ac:ed:5c:47:06:cb,34981386.0,27985108.0,44,5220,20,10,7,15,-92,49,1,on,120.003,154.621,188.813,ac:ed:5c:47:06:cb,-45.0,30.0,30.0,65.0,6.0,34981386.0,168436.0,7.0
2025-08-12 15:49:55,RUN_20250812_154927_195,UDP,1,50M,,33252767.703135148,0.6305302027450708,1.5941530053872206,68:54:5a:e2:f2:c0,42776275.0,34221020.0,48,5240,20,10,31,63,-92,29,1,off,96.233,130.61,164.945,68:54:5a:e2:f2:c0,-46.0,13856.0,13857.0,52.0,104.0,42777113.0,10373.0,5.0,TCP,2,,,55794250.1882208,0.0,,ac:ed:5c:47:06:cb,70340452.0,56272361.0,44,5220,20,23,31,63,-92,50,1,off,105.61,140.286,175.431,ac:ed:5c:47:06:cb,-46.0,282.0,282.0,65.0,144.4,70340452.0,506737.0,7.0
2025-08-12 15:51:01,RUN_20250812_155035_197,TCP,8,,,57313434.6507234,0.0,,68:54:5a:e2:f2:c0,67922758.0,54338206.0,48,5240,20,17,7,15,-91,57,1,off,105.462,140.599,175.479,68:54:5a:e2:f2:c0,-57.0,1318.0,1318.0,65.0,144.4,67923596.0,827004.0,7.0,UDP,1,5M,,4999615.4029998565,0.0,2.641538165980398,ac:ed:5c:47:06:cb,6435612.0,5148489.0,36,5180,80,23,63,127,-92,36,2,on,112.249,146.866,182.311,ac:ed:5c:47:06:cb,-44.0,313.0,313.0,135.0,24.0,6435612.0,6199.0,7.0
2025-08-12 15:52:08,RUN_20250812_155142_199,TCP,1,,512K,81643060.4475807,0.0,,68:54:5a:e2:f2:c0,112885069.0,90308055.0,44,5220,80,10,7,15,-91,57,1,off,102.107,137.197,172.512,68:54:5a:e2:f2:c0,-56.0,117.0,117.0,390.0,866.7,112885907.0,128086.0,9.0,TCP,1,,,238338846.0760008,0.0,,ac:ed:5c:47:06:cb,309902076.0,247921660.0,44,5220,80,23,7,15,-92,31,1,on,119.957,155.311,190.254,ac:ed:5c:47:06:cb,-49.0,321.0,321.0,390.0,866.7,309903292.0,518127.0,9.0
2025-08-12 15:53:14,RUN_20250812_155249_201,UDP,1,400M,,105727491.1528199,0.0230084035454854,0.0189647233593759,68:54:5a:e2:f2:c0,135999149.0,108799319.0,36,5180,40,23,15,31,-92,33,2,off,87.592,129.098,166.088,68:54:5a:e2:f2:c0,-44.0,2907.0,2907.0,135.0,243.0,135999987.0,12797.0,7.0,TCP,1,,,54223906.90856844,0.0,,ac:ed:5c:47:06:cb,68763068.0,55010454.0,44,5220,20,17,31,63,-92,31,1,on,121.532,155.929,190.351,ac:ed:5c:47:06:cb,-46.0,1188.0,1188.0,65.0,144.4,68763068.0,319102.0,7.0
2025-08-12 15:53:47,RUN_20250812_155321_202,UDP,1,5M,,4999615.4029998565,0.0,0.5244234880937948,68:54:5a:e2:f2:c0,6435045.0,5148036.0,36,5180,80,17,63,127,-92,23,2,off,128.293,157.317,190.62,68:54:5a:e2:f2:c0,-45.0,513.0,513.0,121.5,162.0,6435883.0,5811.0,6.0,UDP,1,5M,,4999615.4029998565,0.0,0.295695992832956,ac:ed:5c:47:06:cb,75196728.0,60157382.0,44,5220,20,23,63,127,-92,31,1,on,19.183,55.661,87.981,ac:ed:5c:47:06:cb,-46.0,1190.0,1190.0,65.0,12.0,75196788.0,321923.0,7.0
2025-08-12 15:54:20,RUN_20250812_155354_203,TCP,1,,1M,37282671.521010354,0.0,,68:54:5a:e2:f2:c0,47165426.0,37732340.0,40,5200,20,23,63,127,-92,21,2,off,19.238,54.189,88.554,68:54:5a:e2:f2:c0,-57.0,867.0,867.0,65.0,144.4,47166264.0,97892.0,7.0,TCP,1,,1M,108505008.59640802,0.0,,ac:ed:5c:47:06:cb,140797736.0,112638188.0,36,5180,80,10,15,31,-92,28,1,off,19.443,54.103,88.998,ac:ed:5c:47:06:cb,-45.0,2407.0,2407.0,390.0,866.7,140798012.0,216209.0,9.0
2025-08-12 15:55:28,RUN_20250812_155501_205,TCP,1,,,131699183.28216907,0.0,,68:54:5a:e2:f2:c0,554030392.0,443224313.0,36,5180,80,10,31,63,-92,35,1,off,121.25,155.916,190.388,68:54:5a:e2:f2:c0,-57.0,1067.0,1067.0,390.0,866.7,554031230.0,643891.0,9.0,UDP,1,400M,,39922778.21777426,0.0,0.2788151320367102,ac:ed:5c:47:06:cb,51355874.0,41084699.0,36,5180,20,23,31,63,-92,31,2,on,120.639,155.524,190.43,ac:ed:5c:47:06:cb,-47.0,0.0,0.0,65.0,6.5,51355874.0,5131.0,7.0
2025-08-12 15:56:33,RUN_20250812_155609_207,TCP,16,,,170782427.9681813,0.0,,68:54:5a:e2:f2:c0,273252063.0,218601650.0,44,5220,80,10,31,63,-92,31,2,off,65.258,130.089,190.272,68:54:5a:e2:f2:c0,-57.0,3665.0,3665.0,292.5,866.7,273252901.0,833530.0,7.0,UDP,1,50M,,47734965.32027744,0.0,0.1187681818453562,ac:ed:5c:47:06:cb,61404557.0,49123645.0,36,5180,40,23,15,31,-92,45,2,off,88.506,130.042,166.907,ac:ed:5c:47:06:cb,-48.0,3200.0,3200.0,135.0,18.0,61404557.0,5442.0,7.0
2025-08-12 15:57:06,RUN_20250812_155640_208,TCP,1,,,141766100.06882933,0.0,,68:54:5a:e2:f2:c0,182565821.0,146052656.0,36,5180,80,10,7,15,-92,38,1,on,19.948,54.636,89.708,68:54:5a:e2:f2:c0,-57.0,196.0,196.0,390.0,866.7,182566659.0,225703.0,9.0,TCP,1,,512K,61269339.187128,0.0,,ac:ed:5c:47:06:cb,79607574.0,63686059.0,36,5180,40,23,15,31,-92,36,2,off,120.532,155.702,190.901,ac:ed:5c:47:06:cb,-47.0,2.0,2.0,135.0,300.0,79607574.0,260650.0,7.0
2025-08-12 15:58:13,RUN_20250812_155747_210,UDP,1,400M,,58212615.32033897,0.0238791713927526,0.1243872048096782,68:54:5a:e2:f2:c0,74882352.0,59905881.0,44,5220,80,17,31,63,-92,30,1,off,17.253,52.589,87.792,68:54:5a:e2:f2:c0,-45.0,70.0,70.0,135.0,216.0,74883223.0,7000.0,7.0,TCP,16,,,62914215.49804162,0.0,,ac:ed:5c:47:06:cb,75132758.0,60106206.0,44,5220,40,17,15,31,-92,32,2,off,19.376,53.942,88.159,ac:ed:5c:47:06:cb,-43.0,55.0,55.0,135.0,300.0,75132758.0,1337206.0,7.0
2025-08-12 15:58:46,RUN_20250812_155820_211,UDP,1,100M,,88874062.6949047,0.0404056202914418,0.0645013387986385,68:54:5a:e2:f2:c0,114320000.0,91456000.0,36,5180,40,23,63,127,-92,37,1,on,17.347,52.497,87.681,68:54:5a:e2:f2:c0,-44.0,36.0,36.0,135.0,216.0,114320838.0,10779.0,7.0,UDP,1,10M,,9999224.806511626,0.0,0.4649765733767402,ac:ed:5c:47:06:cb,12866497.0,10293197.0,36,5180,20,10,15,31,-92,34,1,on,19.233,53.776,88.504,ac:ed:5c:47:06:cb,-47.0,0.0,0.0,65.0,18.0,12866497.0,5615.0,7.0
2025-08-12 15:59:21,RUN_20250812_155853_212,UDP,1,50M,,30771494.50519341,1.0615871103749437,0.0127595969425626,68:54:5a:e2:f2:c0,39584453.0,31667562.0,44,5220,80,17,31,63,-92,30,2,on,120.376,155.722,190.865,68:54:5a:e2:f2:c0,-44.0,5025.0,5025.0,117.0,468.0,39585291.0,10163.0,3.0,UDP,1,5M,,4999614.403084775,0.324374420759963,0.571184454594668,ac:ed:5c:47:06:cb,19299019.0,15439215.0,36,5180,20,23,7,15,-92,32,1,off,121.295,155.828,190.832,ac:ed:5c:47:06:cb,-47.0,1553.0,1573.0,65.0,6.0,19299019.0,6812.0,7.0
2025-08-12 16:01:01,RUN_20250812_160035_215,UDP,1,200M,,44739617.42491818,0.1734762570555642,0.3078255837149853,68:54:5a:e2:f2:c0,202004406.0,161603524.0,36,5180,40,17,15,31,-92,47,2,on,113.81,148.265,182.583,68:54:5a:e2:f2:c0,-56.0,10.0,10.0,135.0,300.0,202005244.0,226931.0,7.0,UDP,1,400M,,35585763.3138935,0.0,0.3442546934439553,ac:ed:5c:47:06:cb,45776989.0,36621591.0,36,5180,20,23,31,63,-92,51,1,on,23.079,135.11,195.969,ac:ed:5c:47:06:cb,-48.0,0.0,0.0,6.0,9.0,45777604.0,6261.0,
2025-08-12 16:01:34,RUN_20250812_160108_216,UDP,1,400M,,85389631.5608738,0.0420544265675448,0.1025518728553913,68:54:5a:e2:f2:c0,109838089.0,87870471.0,44,5220,40,23,15,31,-92,43,2,off,16.698,51.137,85.456,68:54:5a:e2:f2:c0,-45.0,3044.0,3044.0,135.0,162.0,109838927.0,6029.0,7.0,UDP,1,10M,,9999225.806425806,0.3012048192771084,0.12408070320538,ac:ed:5c:47:06:cb,12867215.0,10293772.0,48,5240,20,10,63,127,-92,44,2,on,18.834,53.673,88.885,ac:ed:5c:47:06:cb,-42.0,1475.0,1503.0,65.0,9.0,12867215.0,6147.0,7.0
2025-08-12 16:02:40,RUN_20250812_160215_218,UDP,1,400M,,110195404.65630324,0.0042048608191068,0.2172009193626805,68:54:5a:e2:f2:c0,141744926.0,113395940.0,44,5220,40,23,63,127,-92,58,2,on,1.373,28.951,61.705,68:54:5a:e2:f2:c0,-45.0,7.0,7.0,135.0,162.0,141745764.0,5962.0,7.0,UDP,1,400M,,56268824.2225238,0.0,0.3153781552244061,ac:ed:5c:47:06:cb,144767458.0,115813966.0,36,5180,20,10,63,127,-92,46,1,on,8.632,43.283,77.528,ac:ed:5c:47:06:cb,-48.0,365.0,365.0,65.0,9.0,144767846.0,21071.0,7.0
2025-08-12 16:03:47,RUN_20250812_160321_220,UDP,1,5M,,4967181.449420985,2.40205223880597,3.546772804937835,68:54:5a:e2:f2:c0,6393325.0,5114660.0,36,5180,80,17,7,15,-92,23,2,off,19.747,54.457,89.325,68:54:5a:e2:f2:c0,-43.0,1945.0,1954.0,6.0,351.0,6394163.0,6297.0,4.0,TCP,4,,,50941029.19045922,0.0,,ac:ed:5c:47:06:cb,61730099.0,49384079.0,40,5200,20,17,7,15,-92,40,2,off,20.259,55.188,89.809,ac:ed:5c:47:06:cb,-46.0,3981.0,3981.0,65.0,6.0,61730099.0,757667.0,7.0
2025-08-12 16:04:20,RUN_20250812_160354_221,UDP,1,100M,,49642844.78581067,0.1913429004783572,0.2322564725925274,68:54:5a:e2:f2:c0,63858257.0,51086605.0,44,5220,20,17,7,15,-92,18,2,on,18.711,54.029,89.107,68:54:5a:e2:f2:c0,-45.0,5485.0,5485.0,65.0,104.0,63859095.0,11634.0,7.0,UDP,1,100M,,57094751.0230416,0.0,0.1182025856542366,ac:ed:5c:47:06:cb,73445097.0,58756077.0,48,5240,20,23,7,15,-92,40,1,off,19.223,53.807,88.995,ac:ed:5c:47:06:cb,-48.0,184.0,184.0,65.0,36.0,73445097.0,6709.0,7.0
2025-08-12 16:05:26,RUN_20250812_160501_223,UDP,1,200M,,93403361.5731074,2.6490723286040283,0.0629227013373222,68:54:5a:e2:f2:c0,120145780.0,96116624.0,44,5220,40,10,31,63,-91,32,2,on,16.759,51.233,85.539,68:54:5a:e2:f2:c0,-45.0,7463.0,7463.0,121.5,216.0,120146618.0,10770.0,6.0,UDP,1,50M,,49996144.03084775,0.0,0.0409166034436578,ac:ed:5c:47:06:cb,64313346.0,51450676.0,36,5180,40,17,63,127,-92,25,2,off,29.641,64.947,100.291,ac:ed:5c:47:06:cb,-46.0,25.0,25.0,135.0,24.0,64313424.0,6464.0,7.0
2025-08-12 16:05:59,RUN_20250812_160534_224,TCP,1,,,57461068.407332845,0.0,,68:54:5a:e2:f2:c0,71951223.0,57560978.0,48,5240,20,17,31,63,-91,32,2,on,20.285,55.003,90.012,68:54:5a:e2:f2:c0,-57.0,140.0,140.0,65.0,144.4,71952061.0,151112.0,7.0,TCP,4,,,56920594.0069711,0.0,,ac:ed:5c:47:06:cb,70180822.0,56144657.0,44,5220,20,10,63,127,-91,19,2,on,17.777,53.068,88.031,ac:ed:5c:47:06:cb,-46.0,127.0,127.0,65.0,144.4,70180822.0,945566.0,7.0
2025-08-12 16:07:06,RUN_20250812_160640_226,UDP,1,10M,,9999228.80616955,0.0,0.2983273807345852,68:54:5a:e2:f2:c0,12865866.0,10292692.0,36,5180,80,23,63,127,-92,31,1,off,121.636,156.147,190.797,68:54:5a:e2:f2:c0,-43.0,116.0,116.0,351.0,351.0,12866704.0,5881.0,8.0,UDP,1,5M,,4999615.4029998565,0.0,0.110398638064119,ac:ed:5c:47:06:cb,6435874.0,5148699.0,44,5220,80,17,63,127,-92,50,1,on,120.666,155.535,190.459,ac:ed:5c:47:06:cb,-46.0,17.0,17.0,351.0,24.0,6435874.0,5694.0,8.0
2025-08-12 16:07:41,RUN_20250812_160713_227,TCP,1,,2M,74447086.93578747,0.0,,68:54:5a:e2:f2:c0,94720063.0,75776050.0,36,5180,40,23,63,127,-92,28,2,on,141.639,178.602,220.156,68:54:5a:e2:f2:c0,-56.0,2964.0,2964.0,135.0,300.0,94720901.0,148253.0,7.0,TCP,4,,,17624851.551722,0.0,,ac:ed:5c:47:06:cb,20725319.0,16580255.0,40,5200,20,10,15,31,-92,50,1,on,120.975,180.982,245.61,ac:ed:5c:47:06:cb,-48.0,1514.0,1515.0,65.0,115.6,20725319.0,204624.0,7.0
2025-08-12 16:08:47,RUN_20250812_160822_229,UDP,1,10M,,9999230.805999711,0.4518072289156626,0.29298165963006,68:54:5a:e2:f2:c0,12865538.0,10292430.0,40,5200,20,17,31,63,-91,26,1,off,119.82,155.067,190.345,68:54:5a:e2:f2:c0,-45.0,1863.0,1890.0,65.0,78.0,12866376.0,5994.0,7.0,UDP,1,400M,,103176693.86877966,0.1908632633127126,0.860197575480362,ac:ed:5c:47:06:cb,132717351.0,106173880.0,44,5220,80,10,15,31,-92,28,2,off,121.398,155.795,190.117,ac:ed:5c:47:06:cb,-45.0,8107.0,8128.0,6.0,24.0,132717429.0,8453.0,
2025-08-12 16:09:54,RUN_20250812_160928_231,TCP,1,,2M,89127168.54391226,0.0,,68:54:5a:e2:f2:c0,114410011.0,91528008.0,36,5180,40,10,7,15,-92,39,2,on,116.524,151.787,187.031,68:54:5a:e2:f2:c0,-56.0,168.0,168.0,135.0,300.0,114411005.0,181665.0,7.0,UDP,1,10M,,9999226.80634019,0.0,1.6308356276368288,ac:ed:5c:47:06:cb,12866613.0,10293290.0,36,5180,20,10,31,63,-92,33,1,off,126.46,160.895,195.28,ac:ed:5c:47:06:cb,-47.0,172.0,172.0,65.0,24.0,12866613.0,6430.0,7.0
2025-08-12 16:10:27,RUN_20250812_161001_232,UDP,1,400M,,110617556.70030722,0.0083776651447241,0.0947130318359949,68:54:5a:e2:f2:c0,142287122.0,113829697.0,36,5180,40,23,31,63,-92,34,1,on,120.617,155.648,190.837,68:54:5a:e2:f2:c0,-45.0,109.0,109.0,135.0,162.0,142287960.0,5878.0,7.0,UDP,1,200M,,57071857.15568567,0.0,0.4115458446067941,ac:ed:5c:47:06:cb,73414723.0,58731778.0,48,5240,20,10,31,63,-92,29,2,off,120.92,156.117,190.622,ac:ed:5c:47:06:cb,-45.0,205.0,205.0,65.0,6.0,73414723.0,6761.0,7.0
2025-08-12 16:12:07,RUN_20250812_161141_235,TCP,1,,,33344206.63363851,0.0,,68:54:5a:e2:f2:c0,40549335.0,32439468.0,44,5220,20,10,7,15,-92,34,1,on,120.458,155.754,190.807,68:54:5a:e2:f2:c0,-55.0,98.0,98.0,65.0,144.4,40550173.0,89356.0,7.0,TCP,1,,2M,49600969.10904907,0.0,,ac:ed:5c:47:06:cb,63538292.0,50830633.0,44,5220,40,10,15,31,-91,45,2,on,121.223,155.735,190.741,ac:ed:5c:47:06:cb,-43.0,85.0,85.0,135.0,300.0,63538448.0,207926.0,7.0
2025-08-12 16:13:14,RUN_20250812_161248_237,UDP,1,100M,,99991139.6699966,0.0521322072776561,0.0892898622801032,68:54:5a:e2:f2:c0,128620671.0,102896536.0,36,5180,40,17,31,63,-91,37,2,off,19.041,53.958,88.419,68:54:5a:e2:f2:c0,-44.0,1199.0,1199.0,135.0,216.0,128621509.0,6901.0,7.0,TCP,2,,,109100738.1464181,0.0,,ac:ed:5c:47:06:cb,138854098.0,111083278.0,44,5220,40,23,7,15,-91,19,2,on,30.126,65.045,100.582,ac:ed:5c:47:06:cb,-44.0,1929.0,1929.0,135.0,300.0,138855254.0,559673.0,7.0
2025-08-12 16:13:46,RUN_20250812_161321_238,TCP,1,,1M,47655708.66610228,0.0,,68:54:5a:e2:f2:c0,61064157.0,48851325.0,48,5240,20,10,7,15,-92,29,1,on,122.584,157.231,191.303,68:54:5a:e2:f2:c0,-57.0,3245.0,3245.0,58.5,144.4,61064995.0,139352.0,6.0,UDP,1,200M,,56578108.85950735,0.0,0.3297645279706188,ac:ed:5c:47:06:cb,72780589.0,58224471.0,44,5220,20,17,63,127,-91,19,1,off,120.314,155.579,191.615,ac:ed:5c:47:06:cb,-46.0,290.0,290.0,65.0,36.0,72780589.0,6769.0,7.0
2025-08-12 16:14:53,RUN_20250812_161427_240,TCP,1,,1M,87846201.06096716,0.0,,68:54:5a:e2:f2:c0,113456296.0,90765036.0,36,5180,80,10,15,31,-92,37,2,off,121.522,156.303,191.158,68:54:5a:e2:f2:c0,-45.0,311.0,311.0,292.5,780.0,113457134.0,123730.0,7.0,TCP,2,,,206147196.7686846,0.0,,ac:ed:5c:47:06:cb,263789213.0,211031370.0,44,5220,80,17,63,127,-91,36,1,off,135.256,170.591,205.646,ac:ed:5c:47:06:cb,-48.0,825.0,825.0,390.0,866.7,263790369.0,494239.0,9.0
2025-08-12 16:16:00,RUN_20250812_161534_242,UDP,1,100M,,99813905.87014364,2.149339646728408,0.070989268467579,68:54:5a:e2:f2:c0,128391239.0,102712991.0,36,5180,80,17,31,63,-92,15,1,off,120.143,155.361,190.631,68:54:5a:e2:f2:c0,-44.0,4277.0,4277.0,390.0,351.0,128392077.0,5674.0,9.0,TCP,2,,,73018298.2376949,0.0,,ac:ed:5c:47:06:cb,91420453.0,73136362.0,44,5220,40,23,15,31,-92,27,2,on,120.271,154.94,189.55,ac:ed:5c:47:06:cb,-43.0,6965.0,6965.0,135.0,270.0,91420453.0,378314.0,7.0
2025-08-12 16:17:08,RUN_20250812_161641_244,UDP,1,100M,,58840463.16034104,0.0098434885323358,0.70827605969931,68:54:5a:e2:f2:c0,75688754.0,60551003.0,36,5180,40,23,31,63,-92,42,1,off,121.289,207.145,270.136,68:54:5a:e2:f2:c0,-45.0,112.0,112.0,135.0,216.0,75689592.0,11630.0,7.0,TCP,1,,,182764475.6911587,0.0,,ac:ed:5c:47:06:cb,237136582.0,189709265.0,36,5180,80,23,15,31,-92,44,1,on,120.639,206.756,293.153,ac:ed:5c:47:06:cb,-48.0,221.0,221.0,390.0,866.7,237136582.0,384385.0,9.0
2025-08-12 16:18:14,RUN_20250812_161747_246,UDP,1,10M,,9999230.805999711,0.0926784059314179,1.7778681996291734,68:54:5a:e2:f2:c0,12866781.0,10293424.0,36,5180,80,17,31,63,-92,36,1,on,120.301,156.453,190.17,68:54:5a:e2:f2:c0,-43.0,13.0,13.0,351.0,351.0,12867619.0,6666.0,8.0,TCP,1,,512K,101094803.085607,0.0,,ac:ed:5c:47:06:cb,131387093.0,105109674.0,36,5180,40,10,31,63,-92,37,1,off,105.246,140.741,173.57,ac:ed:5c:47:06:cb,-47.0,50.0,50.0,135.0,300.0,131387093.0,419151.0,7.0
2025-08-12 16:18:47,RUN_20250812_161822_247,TCP,1,,2M,33553291.188099608,0.0,,68:54:5a:e2:f2:c0,41647221.0,33317776.0,44,5220,20,23,63,127,-92,28,2,off,18.308,55.885,88.821,68:54:5a:e2:f2:c0,-44.0,29.0,29.0,65.0,130.0,41648059.0,89211.0,7.0,UDP,1,400M,,24825476.761281263,0.0,1.1165790751131677,ac:ed:5c:47:06:cb,31938305.0,25550644.0,44,5220,20,10,63,127,-91,28,1,on,19.575,56.426,98.064,ac:ed:5c:47:06:cb,-46.0,197.0,197.0,65.0,12.0,31938305.0,7617.0,7.0
2025-08-12 16:19:54,RUN_20250812_161928_249,UDP,1,50M,,49996149.030422665,0.0,0.312000767909589,68:54:5a:e2:f2:c0,77176991.0,61741592.0,36,5180,20,23,15,31,-92,24,2,off,121.1,156.433,190.817,68:54:5a:e2:f2:c0,-43.0,55.0,55.0,65.0,117.0,77177829.0,13177.0,7.0,UDP,1,200M,,57341493.933899134,0.0,0.1154576945900299,ac:ed:5c:47:06:cb,73761189.0,59008951.0,48,5240,20,10,31,63,-91,28,1,on,120.699,155.077,190.111,ac:ed:5c:47:06:cb,-41.0,1.0,1.0,65.0,6.0,73761189.0,5428.0,7.0
2025-08-12 16:20:27,RUN_20250812_162001_250,TCP,1,,2M,56622260.3283211,0.0,,68:54:5a:e2:f2:c0,147981849.0,118385479.0,36,5180,20,17,31,63,-92,25,1,off,42.195,131.19,191.205,68:54:5a:e2:f2:c0,-54.0,220.0,220.0,65.0,144.4,147982687.0,153921.0,7.0,TCP,1,,512K,55066249.56462983,0.0,,ac:ed:5c:47:06:cb,144848790.0,115879032.0,48,5240,20,23,15,31,-91,28,1,off,64.557,130.681,191.535,ac:ed:5c:47:06:cb,-44.0,5.0,5.0,65.0,144.4,144848790.0,335908.0,7.0
2025-08-12 16:20:59,RUN_20250812_162034_251,UDP,1,200M,,199984596.12169063,1.336306765523633,0.092912876510205,68:54:5a:e2:f2:c0,257237828.0,205790262.0,44,5220,80,10,31,63,-92,24,1,on,19.266,53.845,88.461,68:54:5a:e2:f2:c0,-44.0,11376.0,11376.0,390.0,468.0,257238666.0,10269.0,9.0,UDP,1,10M,,9999229.80608453,0.0,0.1316821573243616,ac:ed:5c:47:06:cb,157712197.0,126169757.0,48,5240,20,23,31,63,-91,28,1,off,17.938,52.97,88.013,ac:ed:5c:47:06:cb,-47.0,1062.0,1062.0,65.0,6.0,157712197.0,337083.0,7.0
2025-08-12 16:21:35,RUN_20250812_162107_252,TCP,1,,512K,81695187.82726486,0.0,,68:54:5a:e2:f2:c0,363758498.0,291006798.0,44,5220,80,10,31,63,-92,24,2,off,42.058,130.452,190.563,68:54:5a:e2:f2:c0,-55.0,12110.0,12110.0,292.5,866.7,363759336.0,145606.0,7.0,TCP,16,,,37941740.35737535,0.0,,ac:ed:5c:47:06:cb,45302669.0,36242135.0,40,5200,20,23,15,31,-91,28,1,off,64.864,130.016,190.644,ac:ed:5c:47:06:cb,-47.0,1485.0,1485.0,65.0,144.4,45302669.0,1094902.0,7.0
2025-08-12 16:22:41,RUN_20250812_162213_254,UDP,1,200M,,27878995.34383632,0.0,0.8139303401198416,68:54:5a:e2:f2:c0,35863837.0,28691069.0,48,5240,20,17,63,127,-91,53,2,on,19.25,54.022,89.073,68:54:5a:e2:f2:c0,-45.0,29.0,29.0,65.0,78.0,35864708.0,5756.0,7.0,UDP,1,400M,,30317402.260781918,0.0,0.2952040717213958,ac:ed:5c:47:06:cb,39000815.0,31200652.0,48,5240,20,10,63,127,-92,40,2,off,18.489,53.254,87.8,ac:ed:5c:47:06:cb,-48.0,28.0,28.0,65.0,6.0,39000815.0,5498.0,7.0
2025-08-12 16:23:47,RUN_20250812_162320_256,UDP,1,200M,,89354794.8971203,1.2250930163216096,0.0183415796452261,68:54:5a:e2:f2:c0,114938541.0,91950832.0,44,5220,80,10,7,15,-92,43,1,on,117.031,154.486,187.372,68:54:5a:e2:f2:c0,-45.0,478.0,478.0,390.0,351.0,114939379.0,9614.0,9.0,TCP,16,,,260539996.8080473,0.0,,ac:ed:5c:47:06:cb,323818963.0,259055170.0,36,5180,80,17,31,63,-92,41,1,on,122.422,159.276,200.72,ac:ed:5c:47:06:cb,-48.0,256.0,256.0,390.0,866.7,323819119.0,5264992.0,9.0
2025-08-12 16:25:27,RUN_20250812_162501_259,TCP,4,,,23490921.10531518,0.0,,68:54:5a:e2:f2:c0,28751186.0,23000948.0,40,5200,20,17,63,127,-92,34,1,off,18.683,53.893,89.122,68:54:5a:e2:f2:c0,-57.0,1517.0,1550.0,65.0,144.4,28752024.0,173554.0,7.0,UDP,1,400M,,60015071.4809353,0.0,0.1265191452672101,ac:ed:5c:47:06:cb,77199859.0,61759887.0,36,5180,80,10,7,15,-92,42,1,on,19.775,54.284,88.959,ac:ed:5c:47:06:cb,-43.0,5291.0,5291.0,135.0,6.0,77199859.0,5224.0,7.0
2025-08-12 16:27:41,RUN_20250812_162714_263,TCP,1,,2M,79690548.765549,0.0,,68:54:5a:e2:f2:c0,101328530.0,81062824.0,36,5180,80,17,7,15,-92,29,1,off,122.718,157.066,191.451,68:54:5a:e2:f2:c0,-45.0,129.0,129.0,135.0,180.0,101329368.0,157181.0,7.0,TCP,1,,1M,55699809.3523831,0.0,,ac:ed:5c:47:06:cb,71100532.0,56880425.0,48,5240,20,17,31,63,-92,37,2,on,120.682,155.949,191.345,ac:ed:5c:47:06:cb,-47.0,34.0,34.0,65.0,6.0,71100532.0,328902.0,7.0
2025-08-12 16:28:48,RUN_20250812_162820_265,UDP,1,400M,,57202498.50026185,0.0,0.0443137632974808,68:54:5a:e2:f2:c0,133414406.0,106731524.0,48,5240,20,23,7,15,-92,25,1,on,122.508,156.853,191.02,68:54:5a:e2:f2:c0,-56.0,848.0,848.0,65.0,144.4,133415277.0,131665.0,7.0,TCP,1,,,55907160.3604955,0.0,,ac:ed:5c:47:06:cb,71030998.0,56824798.0,40,5200,20,10,31,63,-92,28,2,on,16.679,128.816,189.844,ac:ed:5c:47:06:cb,-47.0,83.0,83.0,65.0,144.4,71030998.0,328234.0,7.0
2025-08-12 16:29:55,RUN_20250812_162927_267,UDP,1,200M,,56085809.7221032,0.0,0.7091777196197586,68:54:5a:e2:f2:c0,72145493.0,57716394.0,44,5220,20,23,63,127,-92,34,1,off,18.029,52.735,87.839,68:54:5a:e2:f2:c0,-44.0,57.0,57.0,65.0,78.0,72146331.0,7225.0,7.0,UDP,1,100M,,56780832.87525372,0.0,0.340801892793224,ac:ed:5c:47:06:cb,73039699.0,58431759.0,36,5180,20,23,63,127,-92,47,1,on,17.992,52.702,87.054,ac:ed:5c:47:06:cb,-48.0,52.0,52.0,65.0,6.0,73039699.0,5178.0,7.0
2025-08-12 16:31:01,RUN_20250812_163036_269,TCP,1,,512K,101607887.50929365,0.0,,68:54:5a:e2:f2:c0,132337099.0,105869679.0,44,5220,40,17,7,15,-91,57,2,on,2.111,31.126,64.09,68:54:5a:e2:f2:c0,-56.0,42.0,42.0,135.0,300.0,132337937.0,204081.0,7.0,UDP,1,5M,,4999615.902957547,0.0,0.1414714447186285,ac:ed:5c:47:06:cb,6435669.0,5148535.0,44,5220,40,17,7,15,-91,46,2,off,12.243,46.877,82.062,ac:ed:5c:47:06:cb,-47.0,215.0,215.0,135.0,9.0,6435669.0,6098.0,7.0
2025-08-12 16:32:08,RUN_20250812_163142_271,TCP,8,,,112390060.80225211,0.0,,68:54:5a:e2:f2:c0,138012776.0,110410220.0,44,5220,40,17,15,31,-92,58,1,off,0.984,34.918,69.138,68:54:5a:e2:f2:c0,-51.0,3536.0,3536.0,135.0,300.0,138013614.0,1071744.0,7.0,UDP,1,10M,,9999229.80608453,0.0,0.075558647720618,ac:ed:5c:47:06:cb,12866543.0,10293234.0,40,5200,40,17,63,127,-91,58,2,on,14.138,48.357,83.157,ac:ed:5c:47:06:cb,-48.0,49.0,49.0,135.0,18.0,12866543.0,6033.0,7.0
2025-08-12 16:33:14,RUN_20250812_163247_273,UDP,1,50M,,49996149.030422665,0.0,0.1946911067951928,68:54:5a:e2:f2:c0,135913516.0,108730812.0,40,5200,20,10,63,127,-92,58,2,on,122.316,156.716,190.917,68:54:5a:e2:f2:c0,-46.0,1409.0,1409.0,65.0,130.0,135914414.0,14398.0,7.0,TCP,8,,,57005938.07055006,0.0,,ac:ed:5c:47:06:cb,69497097.0,55597677.0,36,5180,20,10,63,127,-92,49,2,off,116.942,152.001,187.211,ac:ed:5c:47:06:cb,-48.0,258.0,258.0,65.0,6.0,69497097.0,1379888.0,7.0
2025-08-12 16:35:27,RUN_20250812_163502_277,TCP,1,,4M,103806667.58864573,0.0,,68:54:5a:e2:f2:c0,257383270.0,205906616.0,44,5220,40,23,63,127,-91,28,2,on,119.515,154.987,190.165,68:54:5a:e2:f2:c0,-54.0,7873.0,7873.0,135.0,300.0,257384108.0,2102763.0,7.0,TCP,1,,,54633892.530941,0.0,,ac:ed:5c:47:06:cb,69231487.0,55385189.0,40,5200,20,17,63,127,-91,43,1,off,119.765,154.952,189.925,ac:ed:5c:47:06:cb,-46.0,638.0,638.0,65.0,6.0,69231487.0,320633.0,7.0
2025-08-12 16:37:06,RUN_20250812_163641_280,TCP,1,,,32714295.342481647,0.0,,68:54:5a:e2:f2:c0,40211602.0,32169281.0,36,5180,20,17,7,15,-92,42,2,on,18.72,53.801,89.048,68:54:5a:e2:f2:c0,-54.0,86.0,86.0,65.0,144.4,40212440.0,92314.0,7.0,TCP,1,,512K,47194787.12236346,0.0,,ac:ed:5c:47:06:cb,61206985.0,48965588.0,36,5180,80,23,15,31,-92,43,2,on,18.916,53.4,87.998,ac:ed:5c:47:06:cb,-47.0,180.0,180.0,135.0,300.0,61206985.0,205693.0,7.0
2025-08-12 16:38:13,RUN_20250812_163747_282,TCP,1,,4M,65010886.3617432,0.0,,68:54:5a:e2:f2:c0,78915183.0,63132146.0,44,5220,40,23,31,63,-92,37,1,on,18.536,53.121,87.331,68:54:5a:e2:f2:c0,-56.0,2.0,2.0,135.0,300.0,78916054.0,126197.0,7.0,TCP,1,,512K,50426868.72026223,0.0,,ac:ed:5c:47:06:cb,65641235.0,52512988.0,44,5220,40,17,15,31,-92,39,2,on,18.52,53.45,88.417,ac:ed:5c:47:06:cb,-46.0,43.0,43.0,135.0,6.0,65641235.0,216930.0,7.0
2025-08-12 16:39:21,RUN_20250812_163853_284,UDP,1,50M,,49996154.02999856,0.753012048192771,0.1897468471914871,68:54:5a:e2:f2:c0,64312857.0,51450285.0,44,5220,80,17,15,31,-92,37,2,on,18.078,52.619,87.231,68:54:5a:e2:f2:c0,-41.0,341.0,341.0,292.5,351.0,64313728.0,7637.0,7.0,TCP,1,,2M,40113659.97466236,0.0,,ac:ed:5c:47:06:cb,50934049.0,40747239.0,36,5180,20,10,63,127,-92,33,2,on,17.728,52.958,88.23,ac:ed:5c:47:06:cb,-46.0,2648.0,2648.0,65.0,6.0,50934049.0,241234.0,7.0
2025-08-12 16:39:54,RUN_20250812_163928_285,TCP,1,,,77383848.6412736,0.0,,68:54:5a:e2:f2:c0,99719419.0,79775535.0,36,5180,80,10,15,31,-92,40,2,on,122.437,156.964,191.565,68:54:5a:e2:f2:c0,-42.0,139.0,139.0,292.5,866.7,99720290.0,111800.0,7.0,UDP,1,400M,,38682149.47923406,0.0,0.3297284234321447,ac:ed:5c:47:06:cb,100691349.0,80553079.0,36,5180,20,10,31,63,-92,31,2,off,119.687,154.956,190.184,ac:ed:5c:47:06:cb,-47.0,2676.0,2676.0,65.0,6.0,100691349.0,242861.0,7.0
2025-08-12 16:40:27,RUN_20250812_164001_286,TCP,1,,2M,57670993.7151748,0.0,,68:54:5a:e2:f2:c0,71964672.0,57571737.0,44,5220,20,23,31,63,-92,31,1,on,19.084,53.745,88.895,68:54:5a:e2:f2:c0,-55.0,0.0,0.0,65.0,144.4,71965510.0,151070.0,7.0,TCP,1,,1M,55282818.20618152,0.0,,ac:ed:5c:47:06:cb,171108487.0,136886789.0,36,5180,20,17,7,15,-92,31,2,on,18.94,53.203,88.218,ac:ed:5c:47:06:cb,-48.0,2676.0,2676.0,65.0,144.4,171108487.0,566362.0,7.0
2025-08-12 16:41:33,RUN_20250812_164108_288,TCP,1,,2M,113244815.0887744,0.0,,68:54:5a:e2:f2:c0,145477102.0,116381681.0,36,5180,40,10,63,127,-92,38,1,off,19.397,54.05,89.172,68:54:5a:e2:f2:c0,-56.0,36.0,36.0,135.0,300.0,145477973.0,223435.0,7.0,TCP,16,,,56679678.80872151,0.0,,ac:ed:5c:47:06:cb,70082347.0,56065877.0,48,5240,20,10,31,63,-92,29,2,on,19.272,53.937,88.238,ac:ed:5c:47:06:cb,-42.0,114.0,114.0,65.0,6.0,70082347.0,1676838.0,7.0
2025-08-12 16:42:40,RUN_20250812_164214_290,UDP,1,50M,,7589776.081791345,34.92063492063492,1.2982974195380554,68:54:5a:e2:f2:c0,9767050.0,7813640.0,36,5180,80,17,31,63,-92,35,2,on,18.675,53.552,88.466,68:54:5a:e2:f2:c0,-44.0,230.0,230.0,6.0,351.0,9767888.0,9568.0,4.0,TCP,1,,,109679799.25028856,0.0,,ac:ed:5c:47:06:cb,140004387.0,112003509.0,44,5220,40,10,15,31,-92,29,1,on,19.205,53.977,88.549,ac:ed:5c:47:06:cb,-44.0,1247.0,1247.0,135.0,300.0,140004465.0,440704.0,7.0
2025-08-12 16:43:47,RUN_20250812_164321_292,TCP,1,,,37853184.78560431,0.0,,68:54:5a:e2:f2:c0,45759216.0,36607372.0,44,5220,20,10,15,31,-91,28,1,off,16.712,106.728,197.212,68:54:5a:e2:f2:c0,-55.0,91.0,91.0,65.0,144.4,45760054.0,103960.0,7.0,TCP,1,,512K,148191155.4208282,0.0,,ac:ed:5c:47:06:cb,193692756.0,154954204.0,44,5220,80,10,31,63,-92,51,1,off,2.009,95.741,149.777,ac:ed:5c:47:06:cb,-48.0,1070.0,1070.0,390.0,866.7,193692834.0,289821.0,9.0
2025-08-12 16:44:20,RUN_20250812_164355_293,TCP,2,,,48413089.988093264,0.0,,68:54:5a:e2:f2:c0,58988807.0,47191045.0,48,5240,20,17,7,15,-91,28,1,off,20.231,54.517,88.805,68:54:5a:e2:f2:c0,-49.0,970.0,970.0,65.0,144.4,58989645.0,190354.0,7.0,TCP,1,,512K,38958459.50558278,0.0,,ac:ed:5c:47:06:cb,243625914.0,194900731.0,44,5220,80,10,15,31,-92,51,2,off,9.409,71.975,191.032,ac:ed:5c:47:06:cb,-44.0,1918.0,1918.0,6.0,866.7,243625974.0,474417.0,9.0
2025-08-12 16:45:27,RUN_20250812_164501_295,UDP,1,200M,,199985734.5141239,0.1291697800638319,0.0755786243877474,68:54:5a:e2:f2:c0,257239316.0,205791452.0,36,5180,80,10,7,15,-92,43,1,on,19.319,54.106,89.134,68:54:5a:e2:f2:c0,-44.0,525.0,525.0,390.0,351.0,257240154.0,5993.0,9.0,UDP,1,50M,,49996144.03084775,0.0810936051899907,0.0300800163620317,ac:ed:5c:47:06:cb,351566471.0,281253176.0,44,5220,80,23,7,15,-92,51,1,on,17.108,52.379,87.178,ac:ed:5c:47:06:cb,-46.0,2093.0,2093.0,351.0,12.0,351566471.0,605892.0,8.0
2025-08-12 16:49:23,RUN_20250812_164858_302,UDP,1,400M,,62387455.93909808,0.0575598343762185,0.268448806225444,68:54:5a:e2:f2:c0,80251135.0,64200908.0,36,5180,40,10,31,63,-92,39,1,off,121.22,156.05,191.041,68:54:5a:e2:f2:c0,-45.0,3.0,3.0,135.0,162.0,80251973.0,5892.0,7.0,UDP,1,50M,,49996144.03084775,0.0,0.1259929684095572,ac:ed:5c:47:06:cb,64313222.0,51450577.0,36,5180,80,17,7,15,-92,18,1,on,119.854,154.618,189.617,ac:ed:5c:47:06:cb,-47.0,90.0,90.0,135.0,6.0,64313222.0,5286.0,7.0
2025-08-12 16:49:56,RUN_20250812_164930_303,UDP,1,5M,,4999615.902957547,0.0,0.3535710293131353,68:54:5a:e2:f2:c0,6435236.0,5148188.0,44,5220,40,23,31,63,-92,31,2,off,19.422,54.045,88.673,68:54:5a:e2:f2:c0,-45.0,63.0,63.0,135.0,243.0,6436812.0,13121.0,7.0,TCP,1,,4M,,0.0,,ac:ed:5c:47:06:cb,2985.0,2388.0,44,5220,40,17,7,15,-92,16,1,on,18.662,53.81,88.77,ac:ed:5c:47:06:cb,-46.0,0.0,0.0,135.0,6.0,3897.0,4824.0,7.0
2025-08-12 16:50:31,RUN_20250812_165003_304,UDP,1,50M,,49996149.030422665,0.0,0.0319390474578767,68:54:5a:e2:f2:c0,64312587.0,51450069.0,36,5180,40,10,15,31,-92,23,1,off,18.393,52.918,87.341,68:54:5a:e2:f2:c0,-45.0,52.0,52.0,135.0,216.0,64313458.0,10602.0,7.0,TCP,2,,,56714464.326053,0.0,,ac:ed:5c:47:06:cb,70519948.0,56415958.0,48,5240,20,10,31,63,-92,16,1,off,18.028,52.524,86.57,ac:ed:5c:47:06:cb,-41.0,405.0,405.0,65.0,6.0,70519948.0,515190.0,7.0
2025-08-12 16:51:36,RUN_20250812_165110_306,TCP,1,,512K,50991809.35398415,0.0,,68:54:5a:e2:f2:c0,66313073.0,53050458.0,36,5180,80,17,63,127,-92,36,1,on,17.295,52.524,86.935,68:54:5a:e2:f2:c0,-57.0,0.0,0.0,135.0,300.0,66313911.0,109799.0,7.0,TCP,2,,,64786916.16990116,0.0,,ac:ed:5c:47:06:cb,79912889.0,63930311.0,36,5180,40,17,15,31,-92,47,1,on,17.981,53.254,88.7,ac:ed:5c:47:06:cb,-46.0,2.0,2.0,135.0,6.0,79914045.0,326162.0,7.0
2025-08-12 16:52:11,RUN_20250812_165143_307,TCP,1,,2M,48233767.67010818,0.0,,68:54:5a:e2:f2:c0,59770518.0,47816414.0,40,5200,20,17,31,63,-92,33,2,on,119.663,155.126,191.654,68:54:5a:e2:f2:c0,-57.0,2376.0,2376.0,65.0,144.4,59771356.0,125086.0,7.0,UDP,1,10M,,9999228.80616955,0.0,1.8314302640251687,ac:ed:5c:47:06:cb,92777410.0,74221928.0,36,5180,40,10,7,15,-92,33,2,on,120.225,154.758,189.077,ac:ed:5c:47:06:cb,-47.0,147.0,147.0,135.0,6.0,92777410.0,327348.0,7.0
2025-08-12 16:53:17,RUN_20250812_165251_309,TCP,2,,,59101291.21836516,0.0,,68:54:5a:e2:f2:c0,199157047.0,159325637.0,40,5200,20,17,15,31,-92,33,2,off,120.951,155.139,189.43,68:54:5a:e2:f2:c0,-57.0,4723.0,4723.0,65.0,144.4,199158183.0,496513.0,7.0,TCP,2,,,56546176.385707565,0.0,,ac:ed:5c:47:06:cb,70572727.0,56458181.0,36,5180,20,10,15,31,-92,32,1,on,120.993,155.704,189.764,ac:ed:5c:47:06:cb,-47.0,92.0,92.0,65.0,6.0,70572727.0,496083.0,7.0
2025-08-12 16:54:23,RUN_20250812_165358_311,TCP,16,,,58709171.646093965,0.0,,68:54:5a:e2:f2:c0,69679918.0,55743934.0,36,5180,20,17,63,127,-92,34,2,on,120.875,156.002,190.317,68:54:5a:e2:f2:c0,-46.0,466.0,466.0,65.0,144.4,69680756.0,1400449.0,7.0,UDP,1,50M,,49996124.03255813,0.0,0.0469546552907269,ac:ed:5c:47:06:cb,64312770.0,51450216.0,44,5220,40,17,63,127,-92,30,1,off,120.821,155.483,190.7,ac:ed:5c:47:06:cb,-46.0,3.0,3.0,135.0,6.0,64312770.0,4978.0,7.0
2025-08-12 16:54:56,RUN_20250812_165431_312,UDP,1,50M,,49996144.03084775,0.0,0.0189334662522912,68:54:5a:e2:f2:c0,64312244.0,51449795.0,36,5180,80,10,63,127,-92,31,1,on,121.682,156.251,190.462,68:54:5a:e2:f2:c0,-45.0,42.0,42.0,135.0,162.0,64313115.0,5646.0,7.0,TCP,1,,4M,,0.0,,ac:ed:5c:47:06:cb,2985.0,2388.0,36,5180,40,10,7,15,-92,24,1,on,120.918,155.881,190.773,ac:ed:5c:47:06:cb,-46.0,0.0,0.0,135.0,18.0,3957.0,4838.0,7.0
2025-08-12 16:55:31,RUN_20250812_165503_313,TCP,2,,,59840005.98388092,0.0,,68:54:5a:e2:f2:c0,71995535.0,57596428.0,48,5240,20,17,31,63,-92,30,1,off,120.936,155.51,189.665,68:54:5a:e2:f2:c0,-56.0,276.0,276.0,65.0,144.4,71996373.0,234778.0,7.0,TCP,4,,,112095898.0779925,0.0,,ac:ed:5c:47:06:cb,141342272.0,113073817.0,36,5180,40,10,7,15,-92,27,2,on,120.454,155.312,190.173,ac:ed:5c:47:06:cb,-46.0,0.0,0.0,135.0,300.0,141342272.0,1289164.0,7.0
2025-08-12 16:56:04,RUN_20250812_165538_314,UDP,1,5M,,4999615.902957547,0.0,0.453213607533039,68:54:5a:e2:f2:c0,6434970.0,5147976.0,44,5220,40,23,15,31,-92,30,2,off,20.124,54.534,88.99,68:54:5a:e2:f2:c0,-44.0,742.0,742.0,135.0,162.0,6435808.0,7113.0,7.0,TCP,1,,512K,54440633.403955765,0.0,,ac:ed:5c:47:06:cb,70545470.0,56436376.0,40,5200,20,17,7,15,-92,23,1,on,17.958,53.146,88.432,ac:ed:5c:47:06:cb,-46.0,333.0,333.0,65.0,6.0,70545470.0,328193.0,7.0
2025-08-12 16:56:37,RUN_20250812_165611_315,TCP,4,,,66596158.50955523,0.0,,68:54:5a:e2:f2:c0,76839886.0,61471908.0,36,5180,40,17,15,31,-91,25,2,off,42.883,131.241,191.155,68:54:5a:e2:f2:c0,-56.0,2615.0,2615.0,135.0,300.0,76840724.0,294243.0,7.0,UDP,1,50M,,23704149.566803463,0.0635292967795533,0.5992495417424837,ac:ed:5c:47:06:cb,101037026.0,80829620.0,40,5200,20,17,7,15,-92,23,1,off,64.419,129.505,190.266,ac:ed:5c:47:06:cb,-46.0,2516.0,2538.0,65.0,9.0,101038182.0,330467.0,7.0
2025-08-12 16:57:10,RUN_20250812_165644_316,UDP,1,400M,,57086659.41539062,0.0,0.3261424643152942,68:54:5a:e2:f2:c0,73432565.0,58746052.0,40,5200,20,23,15,31,-91,20,2,on,17.344,51.97,86.133,68:54:5a:e2:f2:c0,-45.0,0.0,0.0,65.0,104.0,73433436.0,10364.0,7.0,TCP,1,,,55504834.25766569,0.0,,ac:ed:5c:47:06:cb,70982933.0,56786346.0,48,5240,20,17,15,31,-92,23,2,off,17.321,52.813,87.856,ac:ed:5c:47:06:cb,-46.0,2.0,2.0,65.0,6.0,70982933.0,333470.0,7.0
2025-08-12 16:58:51,RUN_20250812_165825_319,UDP,1,10M,,9999230.805999711,0.0,1.7622200231185026,68:54:5a:e2:f2:c0,12866175.0,10292940.0,44,5220,40,23,7,15,-91,27,2,off,57.697,140.76,191.88,68:54:5a:e2:f2:c0,-45.0,262.0,262.0,135.0,243.0,12867013.0,12125.0,7.0,TCP,16,,,104138639.57586218,0.0,,ac:ed:5c:47:06:cb,125113034.0,100090427.0,44,5220,40,23,7,15,-92,49,2,on,80.083,140.142,190.612,ac:ed:5c:47:06:cb,-43.0,0.0,0.0,135.0,300.0,125113034.0,2758665.0,7.0
2025-08-12 16:59:57,RUN_20250812_165930_321,TCP,1,,1M,106507873.81023856,0.0,,68:54:5a:e2:f2:c0,138587000.0,110869600.0,44,5220,40,23,15,31,-91,53,1,on,17.999,53.399,88.636,68:54:5a:e2:f2:c0,-57.0,3893.0,3893.0,135.0,300.0,138587871.0,219029.0,7.0,UDP,1,100M,,99991109.67290068,0.0,0.1295692700443763,ac:ed:5c:47:06:cb,128619802.0,102895841.0,36,5180,40,17,63,127,-92,37,1,on,19.381,53.545,87.894,ac:ed:5c:47:06:cb,-47.0,28.0,28.0,135.0,18.0,128619802.0,5265.0,7.0
2025-08-12 17:01:03,RUN_20250812_170037_323,TCP,1,,2M,108001686.3743671,0.0,,68:54:5a:e2:f2:c0,138596535.0,110877228.0,36,5180,40,23,15,31,-91,27,2,off,59.45,93.802,128.059,68:54:5a:e2:f2:c0,-45.0,1850.0,1850.0,135.0,243.0,138597373.0,214007.0,7.0,TCP,4,,,57694445.36943122,0.0,,ac:ed:5c:47:06:cb,69603131.0,55682504.0,44,5220,80,23,15,31,-91,28,1,on,2.2,32.019,121.257,ac:ed:5c:47:06:cb,-43.0,10105.0,10105.0,135.0,180.0,69603131.0,553920.0,7.0
2025-08-12 17:02:10,RUN_20250812_170144_325,UDP,1,100M,,88330786.2198675,0.0236056286310046,0.7254816182493914,68:54:5a:e2:f2:c0,113621197.0,90896957.0,36,5180,80,17,63,127,-92,32,2,on,90.307,142.534,190.147,68:54:5a:e2:f2:c0,-45.0,1838.0,1838.0,135.0,162.0,113622035.0,5923.0,7.0,TCP,1,,1M,105533586.0902497,0.0,,ac:ed:5c:47:06:cb,136437236.0,109149788.0,44,5220,40,17,7,15,-73,50,2,off,112.555,141.702,190.064,ac:ed:5c:47:06:cb,-43.0,1480.0,1480.0,135.0,300.0,136437236.0,435309.0,7.0
2025-08-12 17:03:17,RUN_20250812_170252_327,TCP,4,,,59251247.53078803,0.0,,68:54:5a:e2:f2:c0,72024521.0,57619616.0,48,5240,20,23,15,31,-91,30,1,on,120.931,155.366,189.665,68:54:5a:e2:f2:c0,-57.0,57.0,57.0,65.0,144.4,72025359.0,479222.0,7.0,UDP,1,100M,,57373934.60852313,0.0,0.314402386444103,ac:ed:5c:47:06:cb,73802806.0,59042244.0,40,5200,20,10,31,63,-92,39,1,on,120.509,154.929,189.923,ac:ed:5c:47:06:cb,-45.0,1.0,1.0,65.0,6.0,73802806.0,5342.0,7.0
2025-08-12 17:04:24,RUN_20250812_170358_329,TCP,1,,2M,99612976.77290648,0.0,,68:54:5a:e2:f2:c0,128035798.0,102428638.0,44,5220,40,17,31,63,-91,30,1,off,19.198,53.721,88.026,68:54:5a:e2:f2:c0,-56.0,3.0,3.0,135.0,300.0,128036636.0,193812.0,7.0,UDP,1,10M,,9999224.806511626,0.0,0.3080655933431692,ac:ed:5c:47:06:cb,12866214.0,10292971.0,44,5220,40,23,63,127,-92,39,1,off,15.925,51.449,86.721,ac:ed:5c:47:06:cb,-47.0,72.0,72.0,135.0,18.0,12866214.0,5057.0,7.0
2025-08-12 17:05:30,RUN_20250812_170505_331,TCP,2,,,85457388.6755261,0.0,,68:54:5a:e2:f2:c0,227175198.0,181740158.0,36,5180,40,17,15,31,-92,41,1,on,118.476,153.343,188.258,68:54:5a:e2:f2:c0,-57.0,21150.0,21150.0,135.0,300.0,227176036.0,224615.0,7.0,UDP,1,400M,,53975210.80079252,0.0,0.2303844994456574,ac:ed:5c:47:06:cb,69431083.0,55544866.0,44,5220,20,23,63,127,-92,47,2,on,118.975,154.651,189.811,ac:ed:5c:47:06:cb,-47.0,879.0,879.0,65.0,6.0,69431083.0,5684.0,7.0
2025-08-12 17:06:03,RUN_20250812_170538_332,TCP,1,,512K,67255876.75271595,0.0,,68:54:5a:e2:f2:c0,87300352.0,69840281.0,36,5180,80,10,15,31,-91,34,2,off,19.094,53.736,88.845,68:54:5a:e2:f2:c0,-45.0,3844.0,3844.0,135.0,240.0,87301190.0,151619.0,7.0,UDP,1,200M,,50830190.44149552,0.0,0.5365232264550334,ac:ed:5c:47:06:cb,134814014.0,107851211.0,44,5220,20,17,63,127,-92,47,2,on,18.371,53.036,87.303,ac:ed:5c:47:06:cb,-46.0,1609.0,1609.0,65.0,6.0,134814014.0,6911.0,7.0
2025-08-12 17:06:36,RUN_20250812_170610_333,UDP,1,400M,,90904712.7622979,0.081554635234151,0.1514286525536125,68:54:5a:e2:f2:c0,204231818.0,163385454.0,36,5180,80,23,7,15,-92,32,2,on,18.048,130.105,191.031,68:54:5a:e2:f2:c0,-45.0,5478.0,5478.0,135.0,300.0,204232656.0,155380.0,7.0,UDP,1,100M,,41669631.44294845,0.0,0.1074172480170883,ac:ed:5c:47:06:cb,188413980.0,150731184.0,44,5220,20,17,63,127,-92,47,1,on,42.275,131.129,191.047,ac:ed:5c:47:06:cb,-47.0,2943.0,2943.0,65.0,9.0,188415136.0,9496.0,7.0
2025-08-12 17:12:10,RUN_20250812_171145_343,UDP,1,50M,,49996149.030422665,0.0,0.018291366290665,68:54:5a:e2:f2:c0,64312560.0,51450048.0,36,5180,40,23,7,15,-92,25,2,on,18.393,53.541,88.786,68:54:5a:e2:f2:c0,-45.0,42.0,42.0,135.0,216.0,64313398.0,10547.0,7.0,UDP,1,100M,,,,,,,,36,5180,20,23,7,15,-92,18,2,on,41.508,76.632,111.796,,,,,,,,,
2025-08-12 17:17:09,RUN_20250812_171644_352,TCP,2,,,58579333.15686954,0.0,,68:54:5a:e2:f2:c0,72412587.0,57930069.0,48,5240,20,17,15,31,-92,25,1,on,17.517,52.571,87.883,68:54:5a:e2:f2:c0,-56.0,20.0,20.0,65.0,144.4,72413425.0,240649.0,7.0,UDP,1,10M,,9999230.805999711,0.0,0.1179658259710274,ac:ed:5c:47:06:cb,12869169.0,10295335.0,36,5180,20,10,7,15,-92,7,2,on,41.397,76.521,111.65,ac:ed:5c:47:06:cb,-47.0,2.0,2.0,65.0,26.0,12869169.0,12095.0,7.0
2025-08-12 17:18:17,RUN_20250812_171750_354,TCP,4,,,146064810.98986262,0.0,,68:54:5a:e2:f2:c0,178995160.0,143196128.0,36,5180,80,23,7,15,-92,37,2,off,22.848,141.761,204.85,68:54:5a:e2:f2:c0,-57.0,24.0,24.0,292.5,866.7,178996031.0,305117.0,7.0,UDP,1,50M,,49023095.81523348,0.0,0.0983081941839844,ac:ed:5c:47:06:cb,63061188.0,50448950.0,36,5180,80,10,7,15,-92,19,1,on,128.55,163.25,198.351,ac:ed:5c:47:06:cb,-44.0,123.0,123.0,135.0,6.0,63061188.0,5100.0,7.0
2025-08-12 17:18:50,RUN_20250812_171825_355,TCP,1,,512K,310222054.668426,0.0,,68:54:5a:e2:f2:c0,405031093.0,324024874.0,44,5220,80,10,15,31,-92,29,1,off,19.49,54.122,89.133,68:54:5a:e2:f2:c0,-57.0,1254.0,1254.0,390.0,866.7,405031931.0,492637.0,9.0,TCP,1,,4M,,0.0,,ac:ed:5c:47:06:cb,2985.0,2388.0,40,5200,20,17,7,15,-92,18,2,off,16.845,52.166,87.169,ac:ed:5c:47:06:cb,-48.0,5.0,5.0,65.0,18.0,4539.0,5744.0,7.0
2025-08-12 17:19:24,RUN_20250812_171857_356,UDP,1,100M,,70485766.36244574,3.63200105180121,0.0299751132714637,68:54:5a:e2:f2:c0,90668032.0,72534425.0,44,5220,80,10,15,31,-92,29,2,off,17.696,52.568,87.486,68:54:5a:e2:f2:c0,-44.0,507.0,507.0,292.5,468.0,90668870.0,12231.0,7.0,TCP,1,,1M,185705694.8373568,0.0,,ac:ed:5c:47:06:cb,241428812.0,193143049.0,36,5180,80,23,63,127,-92,43,2,on,18.317,52.666,87.171,ac:ed:5c:47:06:cb,-47.0,791.0,791.0,292.5,866.7,241428890.0,421744.0,7.0
2025-08-12 17:19:57,RUN_20250812_171931_357,TCP,2,,,144700999.14281476,0.0,,68:54:5a:e2:f2:c0,183212717.0,146570173.0,36,5180,80,17,7,15,-92,40,2,on,18.415,52.456,87.445,68:54:5a:e2:f2:c0,-57.0,0.0,0.0,292.5,866.7,183213711.0,234633.0,7.0,TCP,1,,2M,137446299.15943328,0.0,,ac:ed:5c:47:06:cb,419639672.0,335711737.0,36,5180,80,10,15,31,-92,35,1,on,19.256,53.814,88.401,ac:ed:5c:47:06:cb,-47.0,944.0,944.0,390.0,866.7,419639672.0,711233.0,9.0
2025-08-12 17:20:30,RUN_20250812_172004_358,TCP,1,,512K,235419136.55715248,0.0,,68:54:5a:e2:f2:c0,307358290.0,245886632.0,44,5220,80,10,7,15,-92,30,2,on,119.784,154.847,190.03,68:54:5a:e2:f2:c0,-56.0,612.0,612.0,292.5,866.7,307359284.0,388323.0,7.0,TCP,1,,4M,,0.0,,ac:ed:5c:47:06:cb,2983.0,2386.0,36,5180,40,10,31,63,-92,32,1,off,1.67,66.765,143.124,ac:ed:5c:47:06:cb,-45.0,3.0,3.0,135.0,18.0,3955.0,4914.0,7.0
2025-08-12 17:21:04,RUN_20250812_172037_359,UDP,1,200M,,53630026.48579341,0.0863986867399615,0.2038911470793497,68:54:5a:e2:f2:c0,68986691.0,55189352.0,44,5220,40,23,31,63,-92,30,2,off,119.813,154.926,190.224,68:54:5a:e2:f2:c0,-45.0,175.0,175.0,135.0,162.0,68987529.0,6181.0,7.0,TCP,4,,,163995154.462992,0.0,,ac:ed:5c:47:06:cb,202718981.0,162175184.0,44,5220,80,17,15,31,-92,30,2,off,104.77,139.457,174.529,ac:ed:5c:47:06:cb,-47.0,2.0,2.0,292.5,866.7,202719641.0,491793.0,7.0
2025-08-12 17:21:37,RUN_20250812_172111_360,UDP,1,100M,,99991119.67193066,0.0,0.1304527857832045,68:54:5a:e2:f2:c0,128620876.0,102896700.0,44,5220,80,23,15,31,-92,30,1,off,17.562,129.672,190.625,68:54:5a:e2:f2:c0,-45.0,33.0,33.0,135.0,216.0,128621714.0,8419.0,7.0,TCP,1,,4M,,0.0,,ac:ed:5c:47:06:cb,3909.0,3127.0,36,5180,80,23,7,15,-92,2,1,on,62.471,128.383,189.205,ac:ed:5c:47:06:cb,-45.0,0.0,0.0,390.0,234.0,5513.0,17429.0,9.0
2025-08-12 17:22:10,RUN_20250812_172145_361,TCP,1,,,27786213.68112285,0.0,,68:54:5a:e2:f2:c0,34213636.0,27370908.0,40,5200,20,23,7,15,-92,30,1,on,121.17,155.802,191.09,68:54:5a:e2:f2:c0,-46.0,1039.0,1039.0,65.0,130.0,34214474.0,75780.0,7.0,TCP,1,,1M,158859974.824292,0.0,,ac:ed:5c:47:06:cb,206615688.0,165292550.0,36,5180,80,17,7,15,-92,12,1,off,118.718,153.531,187.82,ac:ed:5c:47:06:cb,-44.0,3508.0,3508.0,390.0,866.7,206615688.0,326063.0,9.0
2025-08-12 17:23:17,RUN_20250812_172251_363,UDP,1,5M,,4999616.402915338,0.0,0.3787916362153098,68:54:5a:e2:f2:c0,70222327.0,56177861.0,36,5180,20,17,15,31,-92,31,2,on,117.318,152.487,187.54,68:54:5a:e2:f2:c0,-41.0,59.0,59.0,65.0,144.4,70223258.0,134448.0,7.0,TCP,2,,,56980248.70168298,0.0,,ac:ed:5c:47:06:cb,70663680.0,56530944.0,44,5220,20,23,63,127,-92,24,1,off,118.965,154.431,189.667,ac:ed:5c:47:06:cb,-45.0,10.0,10.0,65.0,144.4,70663680.0,490529.0,7.0
2025-08-12 17:24:24,RUN_20250812_172358_365,TCP,1,,1M,60218466.52638223,0.0,,68:54:5a:e2:f2:c0,77756431.0,62205144.0,44,5220,40,17,15,31,-88,29,1,off,119.168,154.442,188.75,68:54:5a:e2:f2:c0,-55.0,47.0,47.0,135.0,300.0,77757269.0,129057.0,7.0,UDP,1,100M,,55815893.49126272,0.0,0.1216582813347258,ac:ed:5c:47:06:cb,71798592.0,57438873.0,44,5220,40,23,7,15,-91,31,1,off,119.084,154.472,189.913,ac:ed:5c:47:06:cb,-47.0,87.0,87.0,135.0,6.0,71798592.0,5235.0,7.0
2025-08-12 17:24:56,RUN_20250812_172431_366,UDP,1,100M,,59029286.77156318,3.7501471800306136,0.0138976878122078,68:54:5a:e2:f2:c0,75931483.0,60745186.0,36,5180,80,17,7,15,-92,39,2,off,17.995,52.465,86.965,68:54:5a:e2:f2:c0,-43.0,107.0,107.0,292.5,351.0,75932321.0,9437.0,7.0,UDP,1,200M,,43036541.1149793,0.0,0.2370472038789565,ac:ed:5c:47:06:cb,55361302.0,44289041.0,36,5180,20,17,63,127,-92,35,1,off,16.568,51.69,86.038,ac:ed:5c:47:06:cb,-46.0,58.0,58.0,65.0,24.0,55361786.0,5945.0,7.0
2025-08-12 17:25:29,RUN_20250812_172504_367,TCP,8,,,55948509.76801636,0.0,,68:54:5a:e2:f2:c0,64449061.0,51559248.0,44,5220,40,10,7,15,-92,31,2,on,121.876,155.975,190.45,68:54:5a:e2:f2:c0,-55.0,4733.0,4733.0,135.0,300.0,64449977.0,404003.0,7.0,UDP,1,400M,,27428375.77299381,0.0168933186924571,1.118959171674302,ac:ed:5c:47:06:cb,35284714.0,28227771.0,48,5240,20,17,31,63,-92,31,2,off,120.255,154.549,188.968,ac:ed:5c:47:06:cb,-46.0,2462.0,2466.0,65.0,6.0,35284714.0,5083.0,7.0
2025-08-12 17:27:09,RUN_20250812_172644_370,TCP,4,,,18670755.126407724,0.0,,68:54:5a:e2:f2:c0,22203789.0,17763031.0,48,5240,20,10,31,63,-91,12,2,on,68.459,137.205,190.961,68:54:5a:e2:f2:c0,-57.0,1635.0,1658.0,65.0,144.4,22204660.0,153496.0,7.0,TCP,4,,,74147128.4197461,0.0,,ac:ed:5c:47:06:cb,92257468.0,73805974.0,44,5220,80,23,31,63,-92,26,2,on,113.983,136.084,167.109,ac:ed:5c:47:06:cb,-43.0,1782.0,1782.0,135.0,300.0,92257468.0,679064.0,7.0
2025-08-12 17:28:16,RUN_20250812_172750_372,TCP,1,,512K,91286634.81770916,0.0,,68:54:5a:e2:f2:c0,118912498.0,95129998.0,36,5180,80,10,31,63,-92,33,1,on,16.223,50.573,85.249,68:54:5a:e2:f2:c0,-56.0,4739.0,4739.0,390.0,866.7,118913396.0,133657.0,9.0,UDP,1,100M,,32446521.183178417,0.0214209210996072,0.4878299963045343,ac:ed:5c:47:06:cb,41739331.0,33391464.0,48,5240,20,10,7,15,-91,49,1,off,17.546,52.507,87.733,ac:ed:5c:47:06:cb,-45.0,2825.0,2826.0,65.0,6.0,41739331.0,5262.0,7.0
2025-08-12 17:29:24,RUN_20250812_172858_374,TCP,1,,,50015319.66227985,0.0,,68:54:5a:e2:f2:c0,63580092.0,50864073.0,44,5220,20,23,7,15,-91,30,2,off,1.963,87.609,185.377,68:54:5a:e2:f2:c0,-44.0,5688.0,5688.0,65.0,130.0,63580930.0,135631.0,7.0,UDP,1,100M,,57218698.80666978,0.0,0.24809166439586,ac:ed:5c:47:06:cb,73603895.0,58883116.0,40,5200,20,23,7,15,-92,54,1,off,14.669,48.842,84.323,ac:ed:5c:47:06:cb,-47.0,52.0,52.0,65.0,36.0,73603895.0,7130.0,7.0
2025-08-12 17:30:30,RUN_20250812_173005_376,UDP,1,400M,,48697602.62845977,0.0095149741906325,0.7433737952870025,68:54:5a:e2:f2:c0,62642131.0,50113704.0,36,5180,40,10,63,127,-92,40,2,on,2.031,106.198,172.863,68:54:5a:e2:f2:c0,-45.0,0.0,0.0,135.0,162.0,62642969.0,5750.0,7.0,TCP,2,,,146379218.84262374,0.0,,ac:ed:5c:47:06:cb,185244051.0,148195240.0,36,5180,80,17,15,31,-92,44,2,off,31.548,93.925,212.063,ac:ed:5c:47:06:cb,-47.0,111.0,111.0,292.5,866.7,185244051.0,390510.0,7.0
2025-08-12 17:31:37,RUN_20250812_173111_378,TCP,4,,,61958508.5045146,0.0,,68:54:5a:e2:f2:c0,76762522.0,61410017.0,44,5220,40,10,63,127,-92,32,2,on,4.974,39.197,73.27,68:54:5a:e2:f2:c0,-45.0,28022.0,28038.0,135.0,115.6,76763360.0,311983.0,7.0,UDP,1,200M,,56259883.40226817,0.0,0.3936412981761544,ac:ed:5c:47:06:cb,72369260.0,57895408.0,40,5200,20,23,63,127,-92,31,1,off,18.525,52.775,87.087,ac:ed:5c:47:06:cb,-47.0,326.0,326.0,65.0,6.0,72369260.0,5223.0,7.0
2025-08-12 17:32:10,RUN_20250812_173144_379,TCP,16,,,57963219.30757356,0.0,,68:54:5a:e2:f2:c0,70766393.0,56613114.0,44,5220,20,17,7,15,-92,32,2,off,0.686,112.41,187.835,68:54:5a:e2:f2:c0,-55.0,30.0,30.0,65.0,144.4,70767291.0,1435786.0,7.0,TCP,1,,,55289812.75409716,0.0,,ac:ed:5c:47:06:cb,70565661.0,56452528.0,36,5180,20,23,7,15,-92,35,1,on,121.285,155.909,190.379,ac:ed:5c:47:06:cb,-48.0,0.0,0.0,65.0,144.4,70565661.0,332915.0,7.0
2025-08-12 17:33:16,RUN_20250812_173251_381,UDP,1,50M,,49968362.640443936,0.0996847181008902,0.3138255318302002,68:54:5a:e2:f2:c0,64276554.0,51421243.0,36,5180,80,23,31,63,-92,40,2,off,116.289,150.891,185.993,68:54:5a:e2:f2:c0,-45.0,36.0,36.0,135.0,162.0,64277392.0,5590.0,7.0,UDP,1,400M,,32336477.30818153,0.0,0.237948557067556,ac:ed:5c:47:06:cb,41597538.0,33278030.0,36,5180,20,23,31,63,-92,40,1,off,120.74,155.095,189.566,ac:ed:5c:47:06:cb,-47.0,1.0,1.0,65.0,9.0,41598120.0,6672.0,7.0
2025-08-12 17:33:49,RUN_20250812_173324_382,UDP,1,5M,,4999616.402915338,0.0,0.4422623920623276,68:54:5a:e2:f2:c0,6435024.0,5148019.0,36,5180,20,10,31,63,-92,33,1,on,17.691,52.898,88.015,68:54:5a:e2:f2:c0,-44.0,1.0,1.0,65.0,104.0,6435895.0,10362.0,7.0,TCP,1,,4M,,0.0,,ac:ed:5c:47:06:cb,3066.0,2452.0,44,5220,80,23,15,31,-92,37,1,off,18.906,53.488,88.667,ac:ed:5c:47:06:cb,-46.0,7.0,7.0,390.0,18.0,4620.0,5578.0,9.0
2025-08-12 17:34:23,RUN_20250812_173356_383,TCP,4,,,95202075.81758116,0.0,,68:54:5a:e2:f2:c0,115782005.0,92625604.0,36,5180,40,10,63,127,-92,32,2,off,18.662,53.269,88.45,68:54:5a:e2:f2:c0,-56.0,2993.0,2993.0,135.0,300.0,115782843.0,482596.0,7.0,UDP,1,10M,,9999228.80616955,0.0,0.0705855549757378,ac:ed:5c:47:06:cb,12866152.0,10292921.0,40,5200,20,10,15,31,-92,37,1,off,16.481,51.8,87.22,ac:ed:5c:47:06:cb,-48.0,612.0,612.0,65.0,18.0,12866152.0,5250.0,7.0
2025-08-12 17:34:57,RUN_20250812_173430_384,UDP,1,5M,,4999614.903042266,0.0,0.4292547369375409,68:54:5a:e2:f2:c0,6435024.0,5148019.0,48,5240,20,23,31,63,-92,31,2,on,88.322,129.858,166.428,68:54:5a:e2:f2:c0,-45.0,1.0,1.0,65.0,104.0,6435862.0,10590.0,7.0,TCP,1,,4M,,0.0,,ac:ed:5c:47:06:cb,4277.0,3421.0,36,5180,80,23,31,63,-92,4,2,on,127.999,156.553,189.333,ac:ed:5c:47:06:cb,-46.0,1.0,1.0,292.5,234.0,6117.0,17347.0,7.0
2025-08-12 17:35:30,RUN_20250812_173504_385,UDP,1,200M,,54757140.89430102,0.0,0.2662232204282481,68:54:5a:e2:f2:c0,70436420.0,56349136.0,44,5220,20,10,7,15,-92,31,1,on,119.703,155.225,190.354,68:54:5a:e2:f2:c0,-44.0,1230.0,1230.0,65.0,78.0,70437258.0,5967.0,7.0,UDP,1,200M,,57091275.851538,0.0,0.3900148649133697,ac:ed:5c:47:06:cb,73439455.0,58751564.0,48,5240,20,17,15,31,-91,3,1,off,17.409,52.871,88.181,ac:ed:5c:47:06:cb,-47.0,202.0,202.0,65.0,24.0,73439455.0,6720.0,7.0
2025-08-12 17:36:37,RUN_20250812_173611_387,TCP,1,,1M,213629457.6317796,0.0,,68:54:5a:e2:f2:c0,278607554.0,222886043.0,44,5220,80,17,31,63,-89,32,1,on,119.934,155.199,190.009,68:54:5a:e2:f2:c0,-57.0,1024.0,1024.0,390.0,866.7,278608392.0,366621.0,9.0,UDP,1,200M,,67943078.06675985,0.115936098750277,0.0551450622600127,ac:ed:5c:47:06:cb,87397418.0,69917934.0,36,5180,80,10,31,63,-92,36,2,on,118.361,153.513,188.707,ac:ed:5c:47:06:cb,-48.0,420.0,420.0,292.5,6.0,87397418.0,5211.0,7.0
2025-08-12 17:37:44,RUN_20250812_173718_389,TCP,1,,512K,48542208.32726674,0.0,,68:54:5a:e2:f2:c0,62836838.0,50269470.0,36,5180,40,17,31,63,-92,41,1,on,18.709,53.205,87.435,68:54:5a:e2:f2:c0,-47.0,2853.0,2853.0,135.0,300.0,62837676.0,114173.0,7.0,TCP,1,,1M,198998188.6199252,0.0,,ac:ed:5c:47:06:cb,259071452.0,207257161.0,44,5220,80,23,7,15,-92,27,1,off,16.93,51.683,86.504,ac:ed:5c:47:06:cb,-47.0,3560.0,3560.0,390.0,866.7,259071608.0,414863.0,9.0
2025-08-12 17:38:17,RUN_20250812_173751_390,TCP,16,,,188763084.0958881,0.0,,68:54:5a:e2:f2:c0,229164418.0,183331534.0,44,5220,80,17,7,15,-91,31,1,off,19.245,53.855,88.81,68:54:5a:e2:f2:c0,-57.0,5583.0,5583.0,390.0,866.7,229165256.0,820625.0,9.0,UDP,1,50M,,21486994.001446787,0.0700846406814383,0.956895542359177,ac:ed:5c:47:06:cb,27642890.0,22114312.0,48,5240,20,10,7,15,-92,27,2,on,17.767,52.272,86.762,ac:ed:5c:47:06:cb,-42.0,2383.0,2398.0,65.0,6.0,27642890.0,5568.0,7.0
2025-08-12 17:39:23,RUN_20250812_173858_392,TCP,2,,,60454643.7805596,0.0,,68:54:5a:e2:f2:c0,72321067.0,57856853.0,48,5240,20,23,7,15,-91,31,1,off,121.018,155.414,190.725,68:54:5a:e2:f2:c0,-56.0,0.0,0.0,65.0,144.4,72321998.0,244392.0,7.0,UDP,1,5M,,4999615.4029998565,0.0,0.1187399872161786,ac:ed:5c:47:06:cb,6435974.0,5148779.0,40,5200,40,17,31,63,-92,24,2,off,121.248,155.69,189.971,ac:ed:5c:47:06:cb,-49.0,16.0,16.0,135.0,24.0,6436052.0,6045.0,7.0
2025-08-12 17:40:29,RUN_20250812_174004_394,TCP,1,,2M,55573305.38728148,0.0,,68:54:5a:e2:f2:c0,69852749.0,55882199.0,36,5180,20,23,7,15,-92,45,2,off,1.882,107.559,165.469,68:54:5a:e2:f2:c0,-53.0,1009.0,1009.0,65.0,144.4,69853647.0,148663.0,7.0,UDP,1,10M,,9999226.80634019,0.0,0.1375188987586995,ac:ed:5c:47:06:cb,12866280.0,10293024.0,44,5220,40,23,31,63,-92,50,1,on,120.293,154.8,189.733,ac:ed:5c:47:06:cb,-47.0,4.0,4.0,135.0,18.0,12866436.0,5257.0,7.0
2025-08-12 17:41:04,RUN_20250812_174036_395,UDP,1,100M,,99665641.8079939,1.2959390036960412,0.0435453583427288,68:54:5a:e2:f2:c0,128201216.0,102560972.0,36,5180,80,10,63,127,-92,33,1,off,101.951,137.165,172.407,68:54:5a:e2:f2:c0,-44.0,2193.0,2193.0,390.0,468.0,128202147.0,7917.0,9.0,TCP,1,,512K,67316227.24799117,0.0,,ac:ed:5c:47:06:cb,100171832.0,80137465.0,44,5220,40,10,7,15,-92,50,1,on,1.581,66.44,142.747,ac:ed:5c:47:06:cb,-43.0,5131.0,5131.0,135.0,300.0,100171832.0,285692.0,7.0
2025-08-12 17:41:37,RUN_20250812_174111_396,UDP,1,10M,,9999230.805999711,0.0,0.3332536367115173,68:54:5a:e2:f2:c0,12865866.0,10292692.0,40,5200,20,10,7,15,-91,30,2,off,17.33,52.533,87.496,68:54:5a:e2:f2:c0,-45.0,22.0,22.0,65.0,104.0,12866764.0,10479.0,7.0,UDP,1,5M,,4999614.403084775,0.0,0.1238063567857591,ac:ed:5c:47:06:cb,6435640.0,5148512.0,48,5240,20,23,15,31,-92,50,1,on,22.593,60.419,103.329,ac:ed:5c:47:06:cb,-45.0,0.0,0.0,65.0,18.0,6435640.0,5262.0,7.0
2025-08-12 17:42:09,RUN_20250812_174144_397,UDP,1,50M,,49996154.02999856,0.0486561631139944,0.038943089406588,68:54:5a:e2:f2:c0,64312567.0,51450053.0,36,5180,40,10,31,63,-92,27,1,on,18.862,53.498,87.625,68:54:5a:e2:f2:c0,-44.0,3443.0,3443.0,121.5,162.0,64313465.0,5934.0,6.0,UDP,1,200M,,56221341.45140254,0.0,0.0932986680377883,ac:ed:5c:47:06:cb,78753028.0,63002422.0,48,5240,20,23,15,31,-92,50,2,off,17.524,52.418,87.392,ac:ed:5c:47:06:cb,-46.0,677.0,677.0,65.0,6.0,78753028.0,6567.0,7.0
2025-08-12 17:42:42,RUN_20250812_174217_398,UDP,1,100M,,99992308.05999713,0.2444392956441149,0.0839249852901839,68:54:5a:e2:f2:c0,128621025.0,102896820.0,44,5220,80,23,15,31,-92,22,1,off,18.87,39.728,65.338,68:54:5a:e2:f2:c0,-45.0,130.0,130.0,351.0,351.0,128621923.0,6267.0,8.0,TCP,1,,4M,,0.0,,ac:ed:5c:47:06:cb,3006.0,2404.0,36,5180,80,23,63,127,-92,21,1,on,17.542,52.097,86.659,ac:ed:5c:47:06:cb,-47.0,0.0,0.0,390.0,9.0,3978.0,4866.0,9.0
2025-08-12 17:43:16,RUN_20250812_174249_399,UDP,1,400M,,51943398.852809176,0.0379117325661782,0.1129725760357499,68:54:5a:e2:f2:c0,66817195.0,53453756.0,44,5220,40,23,63,127,-92,22,2,off,17.687,109.136,199.764,68:54:5a:e2:f2:c0,-44.0,306.0,306.0,135.0,216.0,66818033.0,10273.0,7.0,TCP,8,,,38933341.2265688,0.0,,ac:ed:5c:47:06:cb,46451188.0,37160950.0,44,5220,20,17,7,15,-92,16,2,off,119.862,155.497,190.799,ac:ed:5c:47:06:cb,-46.0,35.0,35.0,65.0,6.0,46451266.0,851226.0,7.0
2025-08-12 17:44:24,RUN_20250812_174357_401,TCP,8,,,84866713.49936776,0.0,,68:54:5a:e2:f2:c0,100707581.0,80566064.0,36,5180,40,10,31,63,-92,34,1,on,119.974,155.064,190.388,68:54:5a:e2:f2:c0,-56.0,440.0,440.0,135.0,300.0,100708419.0,668766.0,7.0,UDP,1,50M,,49996144.03084775,0.1088971269694161,0.026252623626769,ac:ed:5c:47:06:cb,64312810.0,51450248.0,36,5180,40,23,15,31,-92,44,1,on,103.609,137.984,173.342,ac:ed:5c:47:06:cb,-47.0,0.0,0.0,135.0,12.0,64312870.0,5485.0,7.0
2025-08-12 17:44:57,RUN_20250812_174431_402,TCP,1,,,56621892.29150496,0.0,,68:54:5a:e2:f2:c0,71444060.0,57155248.0,36,5180,80,10,63,127,-92,33,2,on,17.391,52.786,88.207,68:54:5a:e2:f2:c0,-57.0,11.0,11.0,135.0,300.0,71444898.0,120400.0,7.0,UDP,1,200M,,59537808.49753202,0.0,0.0380713587283571,ac:ed:5c:47:06:cb,76586287.0,61269029.0,36,5180,40,23,63,127,-92,39,1,off,17.906,54.48,87.707,ac:ed:5c:47:06:cb,-46.0,1.0,1.0,135.0,24.0,76586287.0,5902.0,7.0
2025-08-12 17:45:30,RUN_20250812_174504_403,TCP,1,,512K,23156163.597816784,0.0,,68:54:5a:e2:f2:c0,29452079.0,23561663.0,40,5200,20,23,31,63,-92,31,1,off,18.214,53.1,87.379,68:54:5a:e2:f2:c0,-46.0,1087.0,1087.0,65.0,130.0,29452917.0,68764.0,7.0,TCP,1,,512K,63354579.25420746,0.0,,ac:ed:5c:47:06:cb,158643119.0,126914495.0,36,5180,40,23,15,31,-92,34,2,off,16.999,52.606,87.83,ac:ed:5c:47:06:cb,-46.0,270.0,270.0,135.0,300.0,158643119.0,268190.0,7.0
2025-08-12 17:46:36,RUN_20250812_174610_405,TCP,1,,4M,34602357.47567946,0.0,,68:54:5a:e2:f2:c0,108153434.0,86522747.0,36,5180,20,10,31,63,-92,32,2,on,121.951,156.477,191.066,68:54:5a:e2:f2:c0,-54.0,205.0,205.0,65.0,144.4,108154332.0,221833.0,7.0,TCP,4,,,54117774.302319534,0.0,,ac:ed:5c:47:06:cb,65711797.0,52569437.0,36,5180,80,17,63,127,-92,33,1,off,120.96,155.396,189.775,ac:ed:5c:47:06:cb,-47.0,90.0,90.0,135.0,300.0,65711797.0,390974.0,7.0
2025-08-12 17:47:09,RUN_20250812_174643_406,UDP,1,50M,,49996149.030422665,0.0,0.0291524695805865,68:54:5a:e2:f2:c0,64312582.0,51450065.0,44,5220,80,10,7,15,-91,31,2,off,121.415,155.922,190.496,68:54:5a:e2:f2:c0,-45.0,157.0,157.0,292.5,351.0,64313420.0,6119.0,7.0,TCP,1,,4M,,0.0,,ac:ed:5c:47:06:cb,2985.0,2388.0,36,5180,40,17,15,31,-92,30,2,off,120.205,154.761,189.357,ac:ed:5c:47:06:cb,-46.0,2.0,2.0,135.0,18.0,3957.0,5440.0,7.0
2025-08-12 17:47:42,RUN_20250812_174716_407,TCP,1,,1M,27742950.36040552,0.0,,68:54:5a:e2:f2:c0,35038390.0,28030712.0,36,5180,20,10,7,15,-92,32,2,off,18.568,53.288,88.369,68:54:5a:e2:f2:c0,-49.0,1250.0,1250.0,65.0,144.4,35039636.0,75479.0,7.0,TCP,8,,,156548774.46593192,0.0,,ac:ed:5c:47:06:cb,192897198.0,154317758.0,44,5220,80,17,7,15,-92,29,1,off,17.707,52.953,87.67,ac:ed:5c:47:06:cb,-47.0,656.0,658.0,390.0,866.7,192897198.0,794326.0,9.0
2025-08-12 17:48:50,RUN_20250812_174823_409,UDP,1,5M,,4999615.902957547,0.0,0.5421972753191016,68:54:5a:e2:f2:c0,6434696.0,5147756.0,36,5180,40,10,15,31,-92,31,2,on,120.193,154.903,189.961,68:54:5a:e2:f2:c0,-45.0,36.0,36.0,135.0,216.0,6435567.0,10084.0,7.0,UDP,1,50M,,49996124.03255813,0.0,0.2357259945628421,ac:ed:5c:47:06:cb,64312768.0,51450214.0,44,5220,20,10,15,31,-91,31,1,off,120.385,154.668,189.207,ac:ed:5c:47:06:cb,-47.0,123.0,123.0,65.0,6.0,64312768.0,5192.0,7.0
2025-08-12 17:49:23,RUN_20250812_174858_410,TCP,4,,,119999728.00424312,0.0,,68:54:5a:e2:f2:c0,150998528.0,120798822.0,36,5180,40,23,31,63,-92,31,1,on,119.745,154.527,189.517,68:54:5a:e2:f2:c0,-56.0,267.0,267.0,135.0,300.0,150999426.0,618948.0,7.0,TCP,1,,4M,,0.0,,ac:ed:5c:47:06:cb,3063.0,2450.0,44,5220,40,10,63,127,-91,31,2,off,121.074,155.218,190.063,ac:ed:5c:47:06:cb,-45.0,3.0,3.0,135.0,12.0,4035.0,5052.0,7.0
2025-08-12 17:49:57,RUN_20250812_174930_411,TCP,1,,1M,56204932.8842584,0.0,,68:54:5a:e2:f2:c0,71964767.0,57571813.0,48,5240,20,10,7,15,-91,30,1,off,15.92,51.479,86.767,68:54:5a:e2:f2:c0,-57.0,336.0,336.0,65.0,144.4,71965638.0,151975.0,7.0,UDP,1,5M,,4999614.403084775,0.0,0.1297118785140097,ac:ed:5c:47:06:cb,6435250.0,5148200.0,36,5180,40,17,31,63,-92,6,2,on,18.409,55.245,88.346,ac:ed:5c:47:06:cb,-46.0,0.0,0.0,135.0,18.0,6435250.0,5140.0,7.0
