timestamp,traffic_label,ap1_proto,ap1_streams,ap1_udp_rate,ap1_tcp_window,ap1_throughput_bps,ap1_loss_pct,ap1_jitter_ms,ap1_txd_client_mac,ap1_txd_tx_delta_bytes,ap1_txd_estimated_throughput_bps,ap1_wifi_channel,ap1_wifi_frequency_mhz,ap1_wifi_bandwidth_mhz,ap1_wifi_tx_power_dbm,ap1_wifi_cwmin,ap1_wifi_cwmax,ap1_wifi_noise_floor_dbm,ap1_wifi_channel_busy_percent,ap1_wifi_nss,ap1_wifi_rts_cts,ap1_wifi_latency_min_ms,ap1_wifi_latency_avg_ms,ap1_wifi_latency_max_ms,ap1_client_client_mac,ap1_client_signal_rssi_dbm,ap1_client_tx_retries,ap1_client_tx_failed,ap1_client_tx_bitrate_mbps,ap1_client_rx_bitrate_mbps,ap1_client_tx_bytes,ap1_client_rx_bytes,ap1_client_mcs_index,ap2_proto,ap2_streams,ap2_udp_rate,ap2_tcp_window,ap2_throughput_bps,ap2_loss_pct,ap2_jitter_ms,ap2_txd_client_mac,ap2_txd_tx_delta_bytes,ap2_txd_estimated_throughput_bps,ap2_wifi_channel,ap2_wifi_frequency_mhz,ap2_wifi_bandwidth_mhz,ap2_wifi_tx_power_dbm,ap2_wifi_cwmin,ap2_wifi_cwmax,ap2_wifi_noise_floor_dbm,ap2_wifi_channel_busy_percent,ap2_wifi_nss,ap2_wifi_rts_cts,ap2_wifi_latency_min_ms,ap2_wifi_latency_avg_ms,ap2_wifi_latency_max_ms,ap2_client_client_mac,ap2_client_signal_rssi_dbm,ap2_client_tx_retries,ap2_client_tx_failed,ap2_client_tx_bitrate_mbps,ap2_client_rx_bitrate_mbps,ap2_client_tx_bytes,ap2_client_rx_bytes,ap2_client_mcs_index
2025-08-13 17:09:22,RUN_20250813_170854_1,UDP,1,400M,,52085880.9129527,0.0,0.38047895191402964,68:54:5a:e2:f2:c0,67000855.0,53600684.0,36,5180,20,23,7,15,-92,1,2,on,1.047,1.05,1.053,68:54:5a:e2:f2:c0,-43.0,0.0,0.0,65.0,117.0,5176.0,12226.0,7.0,UDP,1,5M,,4999614.903042266,8.71177015755329,0.11700487257038854,ac:ed:5c:47:06:cb,6438619.0,5150895.0,36,5180,20,23,15,31,-92,46,2,off,1.343,2.015,2.688,ac:ed:5c:47:06:cb,-44.0,583.0,583.0,6.0,6.0,6439085.0,22033.0,
2025-08-13 17:10:30,RUN_20250813_171003_3,TCP,2,,,115551226.38037792,0.0,,68:54:5a:e2:f2:c0,144966001.0,115972800.0,44,5220,40,10,63,127,-92,1,2,off,0.861,6.499,16.665,68:54:5a:e2:f2:c0,-47.0,1.0,1.0,135.0,216.0,4953.0,9202.0,7.0,UDP,1,5M,,4999613.403170094,0.787766450417053,3.0846489212479042,ac:ed:5c:47:06:cb,6439274.0,5151419.0,36,5180,40,10,63,127,-91,5,2,off,2.278,2.609,2.952,ac:ed:5c:47:06:cb,-46.0,19.0,19.0,135.0,81.0,6439770.0,19416.0,7.0
2025-08-13 17:11:05,RUN_20250813_171037_4,TCP,1,,2M,84933568.8503187,0.0,,68:54:5a:e2:f2:c0,108210481.0,86568384.0,44,5220,80,23,15,31,-92,1,2,off,1.597,1.597,1.597,68:54:5a:e2:f2:c0,-46.0,1.0,1.0,6.0,468.0,5256.0,7431.0,5.0,UDP,1,400M,,156753402.62209848,38.158439255099026,0.1510154172977576,ac:ed:5c:47:06:cb,201635963.0,161308770.0,36,5180,40,10,31,63,-91,17,2,on,1.468,1.468,1.468,ac:ed:5c:47:06:cb,-46.0,1356.0,1356.0,6.0,6.0,201636865.0,21330.0,
2025-08-13 17:12:46,RUN_20250813_171219_7,TCP,2,,,74814514.62987694,0.0,,68:54:5a:e2:f2:c0,94030668.0,75224534.0,44,5220,40,17,63,127,-91,29,2,on,1.115,1.115,1.115,68:54:5a:e2:f2:c0,-49.0,0.0,0.0,135.0,108.0,1005.0,1583.0,7.0,UDP,1,200M,,74067503.4599723,64.3619017829215,0.30443890821094716,ac:ed:5c:47:06:cb,95278969.0,76223175.0,48,5240,20,17,7,15,-92,31,1,on,2.327,2.327,2.327,ac:ed:5c:47:06:cb,-46.0,2285.0,2291.0,65.0,52.0,95279029.0,20563.0,7.0
2025-08-13 17:13:20,RUN_20250813_171253_8,TCP,1,,,76964146.9202583,0.0,,68:54:5a:e2:f2:c0,98391337.0,78713069.0,44,5220,40,10,63,127,-91,29,1,off,2.044,2.044,2.044,68:54:5a:e2:f2:c0,-44.0,0.0,0.0,6.0,6.0,505.0,1016.0,,TCP,1,,2M,57888966.954322115,0.0,,ac:ed:5c:47:06:cb,74899788.0,59919830.0,44,5220,40,23,7,15,-92,31,1,off,2.097,2.097,2.097,ac:ed:5c:47:06:cb,-47.0,1247.0,1247.0,6.0,6.0,74900720.0,268282.0,
2025-08-13 17:13:54,RUN_20250813_171327_9,TCP,1,,,92168742.80883485,0.0,,68:54:5a:e2:f2:c0,117198642.0,93758913.0,44,5220,40,23,7,15,-91,29,2,on,0.884,1.676,2.153,,,,,,,,,,TCP,1,,,55770337.02197837,0.0,,ac:ed:5c:47:06:cb,71882993.0,57506394.0,44,5220,40,10,63,127,-92,31,2,off,0.841,1.838,2.339,ac:ed:5c:47:06:cb,-47.0,52.0,52.0,6.0,6.0,71883399.0,252574.0,
2025-08-13 17:14:29,RUN_20250813_171401_10,UDP,1,400M,,60389237.76394544,0.3088314279137574,0.3473998519316274,68:54:5a:e2:f2:c0,77682232.0,62145785.0,40,5200,40,10,63,127,-83,15,2,on,2.196,2.196,2.196,68:54:5a:e2:f2:c0,-44.0,0.0,0.0,135.0,162.0,3231.0,3719.0,7.0,TCP,8,,,35819593.47312224,0.0,,ac:ed:5c:47:06:cb,42734392.0,34187513.0,40,5200,20,17,7,15,-92,31,2,on,2.24,2.24,2.24,ac:ed:5c:47:06:cb,-50.0,785.0,785.0,6.0,144.4,42735014.0,752677.0,15.0
2025-08-13 17:15:03,RUN_20250813_171436_11,TCP,1,,512K,55787723.92045837,0.0,,68:54:5a:e2:f2:c0,72582090.0,58065672.0,44,5220,40,10,7,15,-83,15,2,on,,,,68:54:5a:e2:f2:c0,-49.0,0.0,0.0,6.0,162.0,3257.0,3873.0,12.0,UDP,1,100M,,53575566.0379151,40.6681081081081,0.07357097664428768,ac:ed:5c:47:06:cb,68920440.0,55136352.0,48,5240,20,23,31,63,-92,31,1,off,1.966,1.966,1.966,ac:ed:5c:47:06:cb,-45.0,698.0,698.0,6.0,6.0,68921312.0,21652.0,
2025-08-13 17:15:38,RUN_20250813_171510_12,TCP,8,,,64892085.292128615,0.0,,68:54:5a:e2:f2:c0,77227393.0,61781914.0,44,5220,40,17,15,31,-83,15,2,off,,,,68:54:5a:e2:f2:c0,-47.0,3.0,3.0,135.0,162.0,4624.0,6337.0,7.0,TCP,1,,2M,26038957.52866796,0.0,,ac:ed:5c:47:06:cb,32468142.0,25974513.0,44,5220,20,17,31,63,-92,31,2,off,,,,ac:ed:5c:47:06:cb,-48.0,32.0,32.0,6.0,6.0,32468548.0,178914.0,
2025-08-13 17:16:12,RUN_20250813_171545_13,TCP,16,,,115820794.0314543,0.0,,68:54:5a:e2:f2:c0,130443386.0,104354708.0,44,5220,40,23,15,31,-83,15,2,on,,,,68:54:5a:e2:f2:c0,-48.0,0.0,0.0,6.0,162.0,3257.0,3899.0,12.0,UDP,1,10M,,9999227.80625477,6.035681186283596,0.10387589723774997,ac:ed:5c:47:06:cb,12870326.0,10296260.0,36,5180,80,23,15,31,-91,5,1,on,2.391,2.391,2.391,ac:ed:5c:47:06:cb,-46.0,144.0,144.0,6.0,6.0,12870786.0,20540.0,
2025-08-13 17:16:46,RUN_20250813_171619_14,TCP,1,,4M,57671091.7548641,0.0,,68:54:5a:e2:f2:c0,68764077.0,55011261.0,44,5220,20,17,15,31,-83,15,2,on,,,,68:54:5a:e2:f2:c0,-47.0,0.0,0.0,65.0,78.0,4762.0,5359.0,7.0,UDP,1,5M,,4999614.403084775,3.2900834105653383,5.37654644346569,ac:ed:5c:47:06:cb,6439440.0,5151552.0,44,5220,80,23,63,127,-92,4,2,off,,,,ac:ed:5c:47:06:cb,-49.0,96.0,96.0,263.3,780.0,6439876.0,20868.0,6.0
2025-08-13 17:17:20,RUN_20250813_171653_15,TCP,2,,,187848986.7709077,0.0,,68:54:5a:e2:f2:c0,241014220.0,192811376.0,36,5180,80,23,15,31,-92,49,2,off,,,,68:54:5a:e2:f2:c0,-45.0,0.0,0.0,292.5,351.0,4260.0,5071.0,7.0,TCP,16,,,185968765.71848908,0.0,,ac:ed:5c:47:06:cb,232055832.0,185644665.0,36,5180,80,10,7,15,-92,49,1,off,,,,ac:ed:5c:47:06:cb,-52.0,70.0,70.0,6.0,6.0,232056890.0,1858984.0,
2025-08-13 17:17:54,RUN_20250813_171727_16,TCP,2,,,242687226.842253,0.0,,68:54:5a:e2:f2:c0,315019857.0,252015885.0,44,5220,80,23,7,15,-91,38,1,on,,,,68:54:5a:e2:f2:c0,-46.0,0.0,0.0,390.0,234.0,1710.0,2251.0,9.0,TCP,1,,512K,31191862.497650027,0.0,,ac:ed:5c:47:06:cb,40299446.0,32239556.0,44,5220,20,10,15,31,-91,38,1,on,,,,ac:ed:5c:47:06:cb,-49.0,42.0,43.0,6.0,6.0,40300288.0,209740.0,
2025-08-13 17:18:28,RUN_20250813_171801_17,TCP,16,,,115905251.58229858,0.0,,68:54:5a:e2:f2:c0,139485051.0,111588040.0,44,5220,40,10,15,31,-91,38,1,on,2.172,2.172,2.172,68:54:5a:e2:f2:c0,-44.0,0.0,0.0,6.0,6.0,1604.0,1122.0,,TCP,4,,,93239683.4957031,0.0,,ac:ed:5c:47:06:cb,118309069.0,94647255.0,36,5180,40,10,63,127,-91,31,1,on,2.345,2.345,2.345,ac:ed:5c:47:06:cb,-46.0,18.0,18.0,6.0,6.0,118309971.0,859983.0,
2025-08-13 17:19:37,RUN_20250813_171911_19,TCP,2,,,56974604.97900648,0.0,,68:54:5a:e2:f2:c0,69635445.0,55708356.0,40,5200,20,10,63,127,-91,38,1,on,2.159,2.159,2.159,68:54:5a:e2:f2:c0,-46.0,0.0,0.0,65.0,52.0,985.0,1193.0,7.0,UDP,1,200M,,163060495.80641344,42.58048932965815,0.10278549798991465,ac:ed:5c:47:06:cb,209746783.0,167797426.0,44,5220,40,23,31,63,-91,24,2,on,2.551,2.551,2.551,ac:ed:5c:47:06:cb,-48.0,391.0,391.0,6.0,6.0,209748031.0,22470.0,
2025-08-13 17:20:11,RUN_20250813_171945_20,UDP,1,400M,,215565211.71308154,2.0774893868558224,0.01687645189693602,68:54:5a:e2:f2:c0,277278598.0,221822878.0,44,5220,80,23,63,127,-91,38,1,on,1.75,1.75,1.75,,,,,,,,,,UDP,1,50M,,49996134.03170094,4.670991658943466,0.05171661499619124,ac:ed:5c:47:06:cb,64316190.0,51452952.0,44,5220,40,23,15,31,-91,24,2,on,2.525,2.525,2.525,ac:ed:5c:47:06:cb,-48.0,10.0,10.0,6.0,6.0,64317032.0,19768.0,
2025-08-13 17:20:45,RUN_20250813_172018_21,TCP,1,,1M,35509974.33156214,0.0,,68:54:5a:e2:f2:c0,45191946.0,36153556.0,44,5220,20,17,7,15,-91,38,1,off,1.909,1.964,2.063,,,,,,,,,,TCP,1,,1M,52572184.21935253,0.0,,ac:ed:5c:47:06:cb,67220401.0,53776320.0,44,5220,80,10,63,127,-91,24,1,off,1.321,1.377,1.487,ac:ed:5c:47:06:cb,-46.0,67.0,67.0,135.0,300.0,67221757.0,235863.0,7.0
2025-08-13 17:21:19,RUN_20250813_172052_22,TCP,16,,,46112707.418332115,0.0,,68:54:5a:e2:f2:c0,51103207.0,40882565.0,40,5200,20,17,7,15,-91,38,1,on,1.957,2.001,2.118,68:54:5a:e2:f2:c0,-57.0,768.0,768.0,65.0,144.4,51104045.0,1002141.0,7.0,UDP,1,50M,,49996134.03170094,15.187673772011122,0.026547826473550813,ac:ed:5c:47:06:cb,64316654.0,51453323.0,36,5180,40,23,7,15,-92,18,1,off,2.044,2.355,2.616,ac:ed:5c:47:06:cb,-48.0,845.0,845.0,6.0,6.0,64317466.0,22234.0,
2025-08-13 17:22:24,RUN_20250813_172158_24,UDP,1,400M,,43612252.701978385,0.0,0.020879881089051887,68:54:5a:e2:f2:c0,56103306.0,44882644.0,40,5200,20,17,31,63,-91,38,1,on,0.836,0.899,0.969,68:54:5a:e2:f2:c0,-46.0,725.0,725.0,65.0,130.0,56104150.0,20566.0,7.0,TCP,1,,512K,30409976.208266467,0.0,,ac:ed:5c:47:06:cb,29631483.0,23705186.0,36,5180,40,23,31,63,-92,13,1,on,1.723,2.211,2.619,ac:ed:5c:47:06:cb,-49.0,187.0,187.0,6.0,300.0,29633301.0,120735.0,15.0
2025-08-13 17:22:58,RUN_20250813_172232_25,UDP,1,5M,,4999614.403084775,0.0,3.0404862126745655,68:54:5a:e2:f2:c0,6438223.0,5150578.0,44,5220,80,17,7,15,-91,38,2,off,0.78,0.892,1.016,68:54:5a:e2:f2:c0,-45.0,212.0,212.0,263.3,702.0,6439061.0,20009.0,6.0,UDP,1,400M,,37983632.13094295,0.033546813052759986,0.3539838130091277,ac:ed:5c:47:06:cb,48864781.0,39091824.0,36,5180,20,10,7,15,-92,22,1,on,1.171,1.49,2.047,ac:ed:5c:47:06:cb,-47.0,7605.0,7616.0,6.0,65.0,48865187.0,19511.0,7.0
2025-08-13 17:23:30,RUN_20250813_172305_26,UDP,1,10M,,9999228.80616955,0.0,1.6661297562585848,68:54:5a:e2:f2:c0,12868230.0,10294584.0,44,5220,80,10,31,63,-91,38,1,on,0.985,1.378,1.622,68:54:5a:e2:f2:c0,-45.0,718.0,718.0,390.0,702.0,12869068.0,20266.0,9.0,TCP,1,,,90175407.8603745,0.0,,ac:ed:5c:47:06:cb,114984182.0,91987345.0,36,5180,80,23,15,31,-92,24,2,off,2.122,2.199,2.341,ac:ed:5c:47:06:cb,-48.0,4286.0,4290.0,135.0,300.0,114984393.0,384350.0,7.0
2025-08-13 17:24:04,RUN_20250813_172337_27,TCP,16,,,57784539.25066209,0.0,,68:54:5a:e2:f2:c0,69902467.0,55921973.0,36,5180,20,10,15,31,-92,37,2,on,0.942,1.337,1.867,68:54:5a:e2:f2:c0,-54.0,309.0,309.0,65.0,144.4,69903741.0,1431505.0,7.0,TCP,1,,512K,45839663.891966075,0.0,,ac:ed:5c:47:06:cb,59422590.0,47538072.0,40,5200,20,10,7,15,-92,23,2,on,2.248,2.421,2.624,ac:ed:5c:47:06:cb,-49.0,352.0,354.0,6.0,6.0,59423432.0,301029.0,
2025-08-13 17:24:38,RUN_20250813_172411_28,TCP,1,,,44772954.9891468,0.0,,68:54:5a:e2:f2:c0,56085392.0,44868313.0,40,5200,20,10,7,15,-92,34,1,off,0.823,1.66,2.027,68:54:5a:e2:f2:c0,-45.0,2003.0,2003.0,65.0,144.4,56086290.0,129740.0,7.0,UDP,1,100M,,99991119.67193066,21.457616515483267,0.05567791120138065,ac:ed:5c:47:06:cb,128623133.0,102898506.0,44,5220,80,23,7,15,-92,23,2,off,1.425,2.317,3.368,ac:ed:5c:47:06:cb,-48.0,667.0,667.0,6.0,6.0,128623593.0,21506.0,
2025-08-13 17:25:12,RUN_20250813_172445_29,TCP,2,,,58665217.619562134,0.0,,68:54:5a:e2:f2:c0,71777672.0,57422137.0,48,5240,20,23,63,127,-92,34,2,on,0.893,0.963,1.065,68:54:5a:e2:f2:c0,-59.0,92.0,92.0,65.0,144.4,71778510.0,254440.0,7.0,TCP,16,,,112255688.05503692,0.0,,ac:ed:5c:47:06:cb,136522344.0,109217875.0,36,5180,40,23,63,127,-92,38,1,off,1.26,1.334,1.408,ac:ed:5c:47:06:cb,-48.0,87.0,87.0,6.0,300.0,136522750.0,3087013.0,15.0
2025-08-13 17:25:43,RUN_20250813_172519_30,UDP,1,10M,,9999228.80616955,0.0,0.13469438311949453,68:54:5a:e2:f2:c0,12868266.0,10294612.0,44,5220,40,23,15,31,-92,34,1,off,1.273,1.646,2.147,68:54:5a:e2:f2:c0,-48.0,122.0,122.0,135.0,270.0,12869164.0,19113.0,7.0,TCP,4,,,111909308.33364582,0.0,,ac:ed:5c:47:06:cb,139997798.0,111998238.0,36,5180,40,10,15,31,-92,33,2,on,2.071,2.146,2.33,ac:ed:5c:47:06:cb,-49.0,132.0,132.0,135.0,300.0,139998264.0,1299740.0,7.0
2025-08-13 17:26:17,RUN_20250813_172550_31,TCP,1,,1M,56152154.115670756,0.0,,68:54:5a:e2:f2:c0,72172147.0,57737717.0,48,5240,20,23,15,31,-92,34,1,off,1.278,1.777,2.083,68:54:5a:e2:f2:c0,-58.0,1.0,1.0,65.0,144.4,72173045.0,162163.0,7.0,UDP,1,10M,,9999228.80616955,4.274791473586654,1.7433638243146337,ac:ed:5c:47:06:cb,12869865.0,10295892.0,36,5180,40,17,15,31,-91,23,1,off,0.952,1.004,1.049,ac:ed:5c:47:06:cb,-47.0,5.0,5.0,135.0,6.0,12869865.0,20257.0,7.0
2025-08-13 17:27:22,RUN_20250813_172658_33,TCP,4,,,110797962.35382493,0.0,,68:54:5a:e2:f2:c0,136238094.0,108990475.0,36,5180,40,23,63,127,-92,39,2,off,0.9,1.463,1.914,68:54:5a:e2:f2:c0,-56.0,4308.0,4308.0,135.0,300.0,136238992.0,565048.0,7.0,UDP,1,50M,,49996119.03298822,14.114921223354958,0.1757283578417155,ac:ed:5c:47:06:cb,64316838.0,51453470.0,44,5220,20,17,15,31,-92,23,2,on,0.934,1.133,1.25,ac:ed:5c:47:06:cb,-47.0,2803.0,2803.0,6.0,6.0,64317244.0,21953.0,
2025-08-13 17:27:56,RUN_20250813_172729_34,UDP,1,50M,,49996144.03084775,0.009267840593141797,0.03053893742672237,68:54:5a:e2:f2:c0,64315075.0,51452060.0,44,5220,40,23,63,127,-88,31,1,on,1.005,1.123,1.287,68:54:5a:e2:f2:c0,-47.0,6.0,6.0,135.0,270.0,64315973.0,19782.0,7.0,UDP,1,400M,,129693361.60642634,56.5192926045016,0.117355485544834,ac:ed:5c:47:06:cb,166828151.0,133462520.0,44,5220,40,17,31,63,-92,23,2,on,2.122,2.248,2.352,ac:ed:5c:47:06:cb,-48.0,311.0,312.0,6.0,6.0,166828557.0,20487.0,
2025-08-13 17:28:30,RUN_20250813_172803_35,UDP,1,50M,,49996149.030422665,0.4494902687673772,0.23234002567084314,68:54:5a:e2:f2:c0,64315923.0,51452738.0,36,5180,80,23,15,31,-92,36,2,on,1.014,1.138,1.234,68:54:5a:e2:f2:c0,-45.0,126.0,126.0,263.3,702.0,64316761.0,20073.0,6.0,UDP,1,200M,,199984556.1250954,9.27768767377201,0.3973068310201683,ac:ed:5c:47:06:cb,257241370.0,205793096.0,44,5220,80,23,31,63,-92,23,1,on,1.111,1.208,1.331,ac:ed:5c:47:06:cb,-48.0,655.0,655.0,6.0,6.0,257241830.0,23804.0,
2025-08-13 17:29:02,RUN_20250813_172837_36,UDP,1,200M,,56691642.466860265,0.0,0.29549910814429325,68:54:5a:e2:f2:c0,72927335.0,58341868.0,40,5200,20,10,63,127,-92,28,2,off,1.628,1.897,2.129,68:54:5a:e2:f2:c0,-46.0,346.0,346.0,65.0,144.4,72928233.0,19474.0,7.0,UDP,1,200M,,136143305.21056676,68.3079776734055,1.0044199879890325,ac:ed:5c:47:06:cb,175125197.0,140100157.0,36,5180,20,10,15,31,-92,24,2,off,2.077,2.164,2.241,ac:ed:5c:47:06:cb,-44.0,3379.0,3379.0,65.0,6.0,175125197.0,19213.0,7.0
2025-08-13 17:29:36,RUN_20250813_172909_37,UDP,1,100M,,91877779.35332105,0.8258210931097523,1.7029759506384987,68:54:5a:e2:f2:c0,118187713.0,94550170.0,36,5180,80,10,7,15,-91,52,1,on,1.435,1.611,1.781,68:54:5a:e2:f2:c0,-45.0,379.0,379.0,390.0,702.0,118188551.0,19928.0,9.0,TCP,16,,,48202540.637825415,0.0,,ac:ed:5c:47:06:cb,59452610.0,47562088.0,36,5180,20,23,15,31,-92,27,1,on,1.317,1.362,1.464,ac:ed:5c:47:06:cb,-44.0,449.0,449.0,6.0,6.0,59453422.0,1374103.0,
2025-08-13 17:30:09,RUN_20250813_172943_38,UDP,1,400M,,177993524.81554043,0.6032995997526928,0.0137673396782808,68:54:5a:e2:f2:c0,228953532.0,183162825.0,36,5180,80,10,63,127,-92,42,2,off,1.446,1.585,1.736,68:54:5a:e2:f2:c0,-46.0,446.0,446.0,292.5,702.0,228954370.0,19813.0,7.0,TCP,16,,,44901361.9836562,0.0,,ac:ed:5c:47:06:cb,36732811.0,29386248.0,36,5180,80,17,15,31,-92,28,1,on,1.146,1.405,1.737,ac:ed:5c:47:06:cb,-46.0,42.0,42.0,6.0,6.0,36735349.0,496615.0,
2025-08-13 17:30:43,RUN_20250813_173017_39,UDP,1,100M,,99991129.67096263,0.0,0.13210958484757232,68:54:5a:e2:f2:c0,128622226.0,102897780.0,44,5220,40,23,31,63,-92,37,2,on,1.099,1.703,2.462,68:54:5a:e2:f2:c0,-48.0,11.0,11.0,135.0,270.0,128623124.0,19486.0,7.0,TCP,1,,2M,45847648.80909227,0.0,,ac:ed:5c:47:06:cb,58151421.0,46521136.0,36,5180,20,10,31,63,-91,28,1,on,1.891,2.048,2.221,ac:ed:5c:47:06:cb,-45.0,2940.0,2950.0,65.0,6.0,58151421.0,285362.0,7.0
2025-08-13 17:31:15,RUN_20250813_173050_40,TCP,2,,,194927276.5199416,0.0,,68:54:5a:e2:f2:c0,250496538.0,200397230.0,44,5220,80,10,31,63,-92,37,2,on,1.576,1.665,1.777,68:54:5a:e2:f2:c0,-58.0,220.0,220.0,292.5,866.7,250497872.0,340320.0,7.0,UDP,1,100M,,71841406.9392164,41.87977683898223,0.842648081379049,ac:ed:5c:47:06:cb,86029707.0,68823765.0,44,5220,80,17,15,31,-92,27,2,on,0.971,1.378,1.773,ac:ed:5c:47:06:cb,-47.0,58.0,58.0,292.5,175.6,86029785.0,20337.0,7.0
2025-08-13 17:31:49,RUN_20250813_173122_41,UDP,1,400M,,56117366.8596361,0.01857815209313847,0.4098083380165,68:54:5a:e2:f2:c0,72188912.0,57751129.0,40,5200,20,10,15,31,-92,37,1,on,1.045,1.104,1.187,68:54:5a:e2:f2:c0,-46.0,585.0,585.0,65.0,144.4,72189810.0,20379.0,7.0,TCP,1,,,64892886.62469044,0.0,,ac:ed:5c:47:06:cb,59772693.0,47818154.0,44,5220,40,23,63,127,-92,27,1,on,1.139,1.206,1.268,ac:ed:5c:47:06:cb,-47.0,135.0,135.0,6.0,6.0,59775669.0,215447.0,
2025-08-13 17:32:22,RUN_20250813_173156_42,UDP,1,5M,,4999614.903042266,0.023169601482854494,0.4783370828283187,68:54:5a:e2:f2:c0,6437811.0,5150248.0,44,5220,40,10,15,31,-92,37,2,on,2.068,2.179,2.376,68:54:5a:e2:f2:c0,-49.0,1074.0,1075.0,135.0,243.0,6438751.0,19871.0,7.0,TCP,4,,,25397439.988384217,0.0,,ac:ed:5c:47:06:cb,29921084.0,23936867.0,40,5200,20,23,63,127,-92,27,2,off,1.319,1.751,2.849,ac:ed:5c:47:06:cb,-49.0,799.0,803.0,6.0,6.0,29923568.0,295285.0,
2025-08-13 17:32:54,RUN_20250813_173230_43,TCP,16,,,37531630.80400567,0.0,,68:54:5a:e2:f2:c0,40962107.0,32769685.0,40,5200,20,17,7,15,-92,37,1,off,0.917,0.973,1.077,68:54:5a:e2:f2:c0,-46.0,1896.0,1896.0,65.0,144.4,40963005.0,763478.0,7.0,TCP,1,,2M,95212301.36131245,0.0,,ac:ed:5c:47:06:cb,123452479.0,98761983.0,44,5220,80,10,15,31,-92,27,2,on,1.207,1.567,2.449,ac:ed:5c:47:06:cb,-47.0,2383.0,2383.0,6.0,866.7,123453375.0,252693.0,9.0
2025-08-13 17:33:28,RUN_20250813_173302_44,TCP,2,,,37664539.8472154,0.0,,68:54:5a:e2:f2:c0,46668179.0,37334543.0,36,5180,20,10,63,127,-92,34,1,on,2.062,2.115,2.159,68:54:5a:e2:f2:c0,-54.0,216.0,216.0,65.0,144.4,46670073.0,165214.0,7.0,UDP,1,100M,,99991119.67193066,0.0,0.078823070323616,ac:ed:5c:47:06:cb,128623037.0,102898429.0,44,5220,40,10,7,15,-92,27,2,on,1.57,1.745,1.982,ac:ed:5c:47:06:cb,-49.0,19.0,19.0,6.0,6.0,128623443.0,20537.0,
2025-08-13 17:34:02,RUN_20250813_173335_45,TCP,1,,4M,71301677.7949341,0.0,,68:54:5a:e2:f2:c0,88046307.0,70437045.0,44,5220,40,10,7,15,-92,32,2,off,0.826,0.998,1.179,68:54:5a:e2:f2:c0,-58.0,218.0,218.0,135.0,300.0,88047641.0,151503.0,7.0,TCP,1,,2M,66855215.6768001,0.0,,ac:ed:5c:47:06:cb,86153177.0,68922541.0,44,5220,80,23,31,63,-92,27,2,off,0.918,1.025,1.106,ac:ed:5c:47:06:cb,-47.0,45.0,45.0,135.0,6.0,86153369.0,295343.0,7.0
2025-08-13 17:34:34,RUN_20250813_173409_46,TCP,1,,512K,109218673.65699817,0.0,,68:54:5a:e2:f2:c0,142282132.0,113825705.0,44,5220,40,10,63,127,-92,32,1,on,2.015,2.087,2.149,68:54:5a:e2:f2:c0,-59.0,145.0,145.0,135.0,300.0,142283508.0,257377.0,7.0,UDP,1,5M,,4999612.903212903,5.213160333642262,0.05212159142071907,ac:ed:5c:47:06:cb,6438990.0,5151192.0,36,5180,40,10,31,63,-91,5,2,off,1.072,1.107,1.142,ac:ed:5c:47:06:cb,-44.0,32.0,32.0,6.0,6.0,6439832.0,20228.0,
2025-08-13 17:35:08,RUN_20250813_173441_47,UDP,1,100M,,59971046.63162694,0.028973749782696876,0.2811140890164418,68:54:5a:e2:f2:c0,77146149.0,61716919.0,44,5220,40,10,7,15,-92,32,1,on,1.052,1.472,2.592,68:54:5a:e2:f2:c0,-48.0,488.0,488.0,135.0,270.0,77146987.0,20397.0,7.0,TCP,1,,512K,49853427.6614687,0.0,,ac:ed:5c:47:06:cb,64640919.0,51712735.0,48,5240,40,17,15,31,-92,4,2,on,2.229,2.283,2.345,ac:ed:5c:47:06:cb,-49.0,552.0,552.0,6.0,6.0,64641325.0,230791.0,
2025-08-13 17:35:41,RUN_20250813_173515_48,UDP,1,400M,,88071244.99441755,2.6476739139012744,0.013773163921904922,68:54:5a:e2:f2:c0,113291223.0,90632978.0,44,5220,80,23,15,31,-92,32,1,on,1.579,1.865,2.176,68:54:5a:e2:f2:c0,-45.0,191.0,191.0,390.0,702.0,113292007.0,20237.0,9.0,TCP,8,,,242637159.2479628,0.0,,ac:ed:5c:47:06:cb,300431920.0,240345536.0,36,5180,80,23,15,31,-91,38,1,on,1.121,1.209,1.283,ac:ed:5c:47:06:cb,-46.0,580.0,580.0,6.0,6.0,300432380.0,1449092.0,
2025-08-13 17:36:14,RUN_20250813_173548_49,TCP,16,,,36511047.32987112,0.0,,68:54:5a:e2:f2:c0,37508336.0,30006668.0,36,5180,20,23,63,127,-92,30,1,off,1.934,1.978,2.044,68:54:5a:e2:f2:c0,-54.0,0.0,0.0,65.0,144.4,37510230.0,770697.0,7.0,TCP,1,,4M,,0.0,,ac:ed:5c:47:06:cb,4970.0,3976.0,44,5220,40,10,7,15,-92,29,1,off,1.136,1.988,2.327,ac:ed:5c:47:06:cb,-46.0,0.0,0.0,135.0,54.0,7612.0,18644.0,7.0
2025-08-13 17:36:47,RUN_20250813_173621_50,UDP,1,5M,,4999615.902957547,8.897126969416126,0.4097318885599268,68:54:5a:e2:f2:c0,5481122.0,4384897.0,44,5220,40,23,7,15,-92,29,2,on,2.069,2.235,2.425,68:54:5a:e2:f2:c0,-48.0,15.0,15.0,135.0,270.0,5483070.0,20629.0,7.0,TCP,1,,2M,30310926.330882594,0.0,,ac:ed:5c:47:06:cb,18050.0,14440.0,36,5180,40,23,7,15,-92,12,2,off,1.25,1.33,1.405,ac:ed:5c:47:06:cb,-46.0,0.0,0.0,135.0,6.0,19850.0,20425.0,7.0
2025-08-13 17:37:54,RUN_20250813_173728_52,TCP,8,,,54064114.934448384,0.0,,68:54:5a:e2:f2:c0,60637180.0,48509744.0,48,5240,20,23,63,127,-92,29,1,on,0.961,1.08,1.272,68:54:5a:e2:f2:c0,-59.0,1468.0,1468.0,65.0,144.4,60638024.0,766875.0,7.0,UDP,1,200M,,144622388.78178915,17.794580566613536,0.01975113645155101,ac:ed:5c:47:06:cb,159675116.0,127740092.0,36,5180,80,17,7,15,-91,23,2,off,2.058,2.127,2.23,ac:ed:5c:47:06:cb,-48.0,1429.0,1429.0,292.5,468.0,159677738.0,20771.0,7.0
2025-08-13 17:39:33,RUN_20250813_173909_55,TCP,1,,4M,204469886.808347,0.0,,68:54:5a:e2:f2:c0,263099493.0,210479594.0,44,5220,80,17,7,15,-92,27,2,on,1.582,1.631,1.721,68:54:5a:e2:f2:c0,-58.0,667.0,667.0,292.5,866.7,263100713.0,340643.0,7.0,UDP,1,400M,,149409221.78530353,21.40254302992712,0.217444358950452,ac:ed:5c:47:06:cb,192184700.0,153747760.0,36,5180,80,23,31,63,-91,52,2,off,1.681,1.796,1.972,ac:ed:5c:47:06:cb,-45.0,3.0,3.0,6.0,6.0,6006.0,20377.0,
2025-08-13 17:40:06,RUN_20250813_173940_56,UDP,1,100M,,89642075.82760097,30.949150352135426,0.09481544466907765,68:54:5a:e2:f2:c0,94596565.0,75677252.0,44,5220,40,10,63,127,-92,27,1,on,1.824,1.995,2.141,68:54:5a:e2:f2:c0,-47.0,117.0,117.0,135.0,270.0,94598739.0,19989.0,7.0,UDP,1,400M,,116334876.15447839,34.2743059704465,0.01273887507346368,ac:ed:5c:47:06:cb,149642347.0,119713877.0,44,5220,80,10,31,63,-92,40,2,off,1.181,1.456,2.066,ac:ed:5c:47:06:cb,-48.0,3.0,3.0,292.5,175.6,6742.0,18753.0,7.0
2025-08-13 17:41:12,RUN_20250813_174046_58,TCP,2,,,24484721.832126282,0.0,,68:54:5a:e2:f2:c0,30941.0,24752.0,40,5200,20,10,15,31,-92,27,2,off,1.911,1.997,2.077,68:54:5a:e2:f2:c0,-46.0,2.0,2.0,65.0,130.0,32859.0,18105.0,7.0,UDP,1,5M,,4999615.902957547,1.85356811862836,0.1327261420336435,ac:ed:5c:47:06:cb,6435476.0,5148380.0,36,5180,40,17,31,63,-92,9,1,on,1.35,1.623,2.003,ac:ed:5c:47:06:cb,-48.0,0.0,0.0,135.0,81.0,7054.0,18831.0,7.0
2025-08-13 17:42:18,RUN_20250813_174152_60,TCP,4,,,120177126.4703412,0.0,,68:54:5a:e2:f2:c0,10872238.0,8697790.0,44,5220,80,10,15,31,-92,27,1,on,1.571,1.608,1.711,68:54:5a:e2:f2:c0,-55.0,108.0,108.0,390.0,866.7,10874316.0,45023.0,9.0,UDP,1,100M,,72024512.7436207,59.43611682964488,0.3477597792632715,ac:ed:5c:47:06:cb,92646956.0,74117564.0,40,5200,20,23,15,31,-88,7,1,off,1.708,1.761,1.901,ac:ed:5c:47:06:cb,-50.0,3.0,3.0,6.0,6.0,5653.0,16130.0,
2025-08-13 17:42:51,RUN_20250813_174225_61,UDP,1,400M,,128579697.46090761,1.7540856592010667,0.01876458386042286,68:54:5a:e2:f2:c0,165391223.0,132312978.0,36,5180,80,23,15,31,-92,28,1,on,1.612,1.659,1.778,68:54:5a:e2:f2:c0,-45.0,1.0,1.0,390.0,585.0,6163.0,18587.0,9.0,UDP,1,400M,,50304260.87463474,43.09169621885506,0.250618338618723,ac:ed:5c:47:06:cb,64709994.0,51767995.0,44,5220,20,23,63,127,-88,7,1,on,1.197,1.515,1.757,ac:ed:5c:47:06:cb,-48.0,0.0,0.0,65.0,54.0,5382.0,17084.0,7.0
2025-08-13 17:44:32,RUN_20250813_174407_64,TCP,8,,,193497602.8364369,0.0,,68:54:5a:e2:f2:c0,239401139.0,191520911.0,36,5180,80,17,31,63,-92,41,1,on,0.965,1.024,1.148,68:54:5a:e2:f2:c0,-45.0,0.0,0.0,390.0,526.6,5679.0,14182.0,9.0,UDP,1,100M,,59975680.19455844,15.318203766296476,0.15506116576776652,ac:ed:5c:47:06:cb,77149554.0,61719643.0,36,5180,40,17,63,127,-92,32,2,off,0.937,1.663,2.907,ac:ed:5c:47:06:cb,-48.0,0.0,0.0,135.0,40.5,5231.0,15966.0,7.0
2025-08-13 17:45:05,RUN_20250813_174440_65,UDP,1,100M,,99919319.43737645,1.936074753353351,0.0882274645836545,68:54:5a:e2:f2:c0,128527428.0,102821942.0,44,5220,80,23,15,31,-92,31,2,on,1.587,1.893,2.199,68:54:5a:e2:f2:c0,-45.0,0.0,0.0,292.5,526.6,5508.0,12728.0,7.0,UDP,1,400M,,27277787.70547713,0.089179548156956,0.3239586839253979,ac:ed:5c:47:06:cb,35091316.0,28073052.0,40,5200,20,23,7,15,-92,30,1,on,1.152,1.482,1.813,ac:ed:5c:47:06:cb,-50.0,0.0,0.0,6.0,39.0,5468.0,16927.0,4.0
2025-08-13 17:45:40,RUN_20250813_174513_66,TCP,1,,2M,89127293.3196149,0.0,,68:54:5a:e2:f2:c0,114478619.0,91582895.0,44,5220,40,17,15,31,-92,31,2,on,,,,68:54:5a:e2:f2:c0,-47.0,0.0,0.0,135.0,162.0,4688.0,7025.0,7.0,UDP,1,200M,,110921100.83669749,37.5441234830921,0.021307517581195673,ac:ed:5c:47:06:cb,142678192.0,114142553.0,44,5220,80,10,7,15,-92,30,1,off,,,,ac:ed:5c:47:06:cb,-48.0,0.0,0.0,390.0,351.0,7683.0,19152.0,9.0
2025-08-13 17:46:14,RUN_20250813_174548_67,TCP,1,,2M,53476204.87111332,0.0,,68:54:5a:e2:f2:c0,66787125.0,53429700.0,44,5220,20,17,31,63,-92,31,2,off,,,,68:54:5a:e2:f2:c0,-47.0,0.0,0.0,65.0,78.0,4786.0,4307.0,7.0,TCP,4,,,113946600.81166767,0.0,,ac:ed:5c:47:06:cb,140962331.0,112769864.0,36,5180,40,23,63,127,-91,38,2,on,,,,ac:ed:5c:47:06:cb,-49.0,0.0,0.0,135.0,40.5,4339.0,15508.0,7.0
2025-08-13 17:46:49,RUN_20250813_174622_68,TCP,2,,,114606927.13314478,0.0,,68:54:5a:e2:f2:c0,144562330.0,115649864.0,36,5180,40,23,31,63,-91,38,1,off,,,,68:54:5a:e2:f2:c0,-44.0,0.0,0.0,135.0,108.0,1713.0,2915.0,7.0,UDP,1,200M,,67702126.0723536,19.47814184275815,0.4436222556555961,ac:ed:5c:47:06:cb,87087299.0,69669839.0,48,5240,20,23,15,31,-92,29,2,on,,,,ac:ed:5c:47:06:cb,-44.0,0.0,0.0,6.0,6.0,6157.0,17332.0,
2025-08-13 17:47:22,RUN_20250813_174656_69,UDP,1,10M,,9999229.80608453,0.11584800741427248,1.855519642314124,68:54:5a:e2:f2:c0,12869691.0,10295752.0,36,5180,40,10,15,31,-92,31,2,off,1.08,23.454,45.828,68:54:5a:e2:f2:c0,-44.0,0.0,0.0,135.0,162.0,4284.0,5170.0,7.0,TCP,1,,2M,39592320.12287804,0.0,,ac:ed:5c:47:06:cb,50449139.0,40359311.0,36,5180,20,10,7,15,-92,32,1,off,2.504,2.504,2.504,ac:ed:5c:47:06:cb,-48.0,7.0,7.0,65.0,39.0,7432.0,18831.0,7.0
2025-08-13 17:47:57,RUN_20250813_174729_70,UDP,1,100M,,10629396.553646538,23.234524847428073,4.68994688231053,68:54:5a:e2:f2:c0,13676573.0,10941258.0,44,5220,80,10,15,31,-91,27,2,on,,,,68:54:5a:e2:f2:c0,-46.0,0.0,0.0,292.5,234.0,835.0,1623.0,7.0,TCP,8,,,64360993.5265874,0.0,,ac:ed:5c:47:06:cb,79368843.0,63495074.0,44,5220,40,17,63,127,-92,28,2,on,,,,ac:ed:5c:47:06:cb,-46.0,0.0,0.0,135.0,54.0,7060.0,19502.0,7.0
2025-08-13 17:49:39,RUN_20250813_174914_73,TCP,1,,1M,37334630.91244231,0.0,,68:54:5a:e2:f2:c0,47506600.0,38005280.0,44,5220,20,10,7,15,-91,30,1,off,0.698,1.376,2.055,68:54:5a:e2:f2:c0,-47.0,0.0,0.0,6.0,26.0,505.0,964.0,3.0,TCP,4,,,41382230.53368718,0.0,,ac:ed:5c:47:06:cb,48306139.0,38644911.0,44,5220,80,23,31,63,-92,24,1,on,0.96,1.63,2.301,ac:ed:5c:47:06:cb,-48.0,0.0,0.0,390.0,175.6,7019.0,18322.0,9.0
2025-08-13 17:51:53,RUN_20250813_175135_77,TCP,1,,512K,55787696.02702039,0.0,,68:54:5a:e2:f2:c0,72442891.0,57954312.0,48,5240,20,23,63,127,-92,37,2,off,0.85,0.911,1.042,68:54:5a:e2:f2:c0,-59.0,2.0,2.0,65.0,144.4,72443729.0,155331.0,7.0,TCP,1,,4M,,0.0,,ac:ed:5c:47:06:cb,5466.0,4372.0,36,5180,20,23,15,31,-92,18,1,off,1.327,1.369,1.403,ac:ed:5c:47:06:cb,-45.0,1.0,1.0,65.0,48.0,5466.0,14203.0,7.0
2025-08-13 17:52:27,RUN_20250813_175200_78,TCP,1,,,42990107.04724264,0.0,,68:54:5a:e2:f2:c0,53500619.0,42800495.0,36,5180,20,23,15,31,-91,38,1,off,1.888,1.951,2.09,68:54:5a:e2:f2:c0,-54.0,2405.0,2405.0,65.0,144.4,53501457.0,125162.0,7.0,UDP,1,400M,,107261071.92424549,1.3780441708515578,0.04812458090646292,ac:ed:5c:47:06:cb,137971948.0,110377558.0,44,5220,80,23,31,63,-92,17,1,off,2.248,2.277,2.353,ac:ed:5c:47:06:cb,-50.0,1.0,1.0,390.0,54.0,5312.0,12634.0,9.0
2025-08-13 17:53:33,RUN_20250813_175307_80,UDP,1,5M,,4999615.4029998565,15.36144578313253,0.5772274440266365,68:54:5a:e2:f2:c0,6437763.0,5150210.0,44,5220,40,10,63,127,-92,36,1,off,1.932,1.972,2.071,68:54:5a:e2:f2:c0,-48.0,3057.0,3069.0,135.0,270.0,6438601.0,18364.0,7.0,UDP,1,10M,,9999226.80634019,5.421686746987952,0.11395768944712982,ac:ed:5c:47:06:cb,12866691.0,10293352.0,48,5240,20,23,7,15,-92,17,1,off,0.914,1.465,2.006,,,,,,,,,
2025-08-13 17:54:06,RUN_20250813_175340_81,TCP,1,,4M,83884553.3011299,0.0,,68:54:5a:e2:f2:c0,104192558.0,83354046.0,44,5220,80,23,7,15,-92,36,2,off,1.843,1.973,2.107,68:54:5a:e2:f2:c0,-59.0,295.0,295.0,135.0,300.0,104193892.0,172553.0,7.0,TCP,1,,2M,66333503.1971463,0.0,,ac:ed:5c:47:06:cb,85715133.0,68572106.0,44,5220,80,10,7,15,-92,17,2,off,2.082,2.146,2.194,ac:ed:5c:47:06:cb,-46.0,0.0,0.0,6.0,6.0,526.0,1168.0,
2025-08-13 17:54:40,RUN_20250813_175413_82,UDP,1,100M,,99991119.67193066,0.00695096097035415,0.12360183029272144,68:54:5a:e2:f2:c0,128622688.0,102898150.0,44,5220,40,10,15,31,-92,36,2,off,1.609,1.782,2.07,68:54:5a:e2:f2:c0,-49.0,1177.0,1177.0,135.0,270.0,128623962.0,19573.0,7.0,TCP,1,,2M,79730660.48193285,0.0,,ac:ed:5c:47:06:cb,103068379.0,82454703.0,36,5180,40,17,7,15,-91,30,1,on,2.022,2.238,2.417,ac:ed:5c:47:06:cb,-45.0,0.0,0.0,135.0,6.0,1114.0,1447.0,7.0
2025-08-13 17:55:11,RUN_20250813_175447_83,UDP,1,5M,,4999614.403084775,0.0,0.25138379179785414,68:54:5a:e2:f2:c0,6437435.0,5149948.0,36,5180,80,10,31,63,-92,38,2,on,1.622,1.747,2.042,68:54:5a:e2:f2:c0,-46.0,0.0,0.0,263.3,702.0,6438219.0,19907.0,6.0,TCP,8,,,102293478.52608345,0.0,,ac:ed:5c:47:06:cb,124509138.0,99607310.0,36,5180,80,23,15,31,-92,29,2,on,1.778,1.822,1.873,,,,,,,,,
2025-08-13 17:55:45,RUN_20250813_175518_84,UDP,1,100M,,99859073.12741497,0.45356997853952785,0.25187433196827475,68:54:5a:e2:f2:c0,128452398.0,102761918.0,36,5180,80,17,15,31,-91,30,2,off,0.93,0.97,1.068,68:54:5a:e2:f2:c0,-46.0,923.0,923.0,292.5,702.0,128453182.0,18847.0,7.0,TCP,2,,,28964251.27188321,0.0,,ac:ed:5c:47:06:cb,35665905.0,28532724.0,44,5220,20,10,31,63,-92,27,1,on,1.653,1.909,2.124,ac:ed:5c:47:06:cb,-48.0,2342.0,2343.0,65.0,6.0,35666467.0,249503.0,7.0
2025-08-13 17:56:19,RUN_20250813_175552_85,UDP,1,100M,,79859457.124343,0.027560197272991006,0.1634272313038234,68:54:5a:e2:f2:c0,102727641.0,82182112.0,36,5180,40,23,63,127,-92,28,1,on,0.998,1.801,2.171,68:54:5a:e2:f2:c0,-44.0,827.0,827.0,135.0,300.0,102728894.0,21846.0,7.0,TCP,1,,1M,25672266.852301843,0.0,,ac:ed:5c:47:06:cb,32208154.0,25766523.0,40,5200,20,23,31,63,-92,27,2,off,1.633,1.841,2.131,ac:ed:5c:47:06:cb,-48.0,1324.0,1324.0,6.0,6.0,32208996.0,176787.0,
2025-08-13 17:56:51,RUN_20250813_175626_86,TCP,1,,,44038571.3805732,0.0,,68:54:5a:e2:f2:c0,55063361.0,44050688.0,44,5220,20,23,31,63,-92,25,2,on,2.006,2.049,2.16,68:54:5a:e2:f2:c0,-58.0,216.0,216.0,65.0,144.4,55064223.0,133145.0,7.0,TCP,1,,1M,48245632.30153884,0.0,,ac:ed:5c:47:06:cb,61720531.0,49376424.0,44,5220,40,23,15,31,-92,27,2,off,1.272,1.682,2.56,ac:ed:5c:47:06:cb,-49.0,50.0,50.0,6.0,6.0,61720937.0,221267.0,
2025-08-13 17:57:25,RUN_20250813_175658_87,TCP,1,,1M,78150283.7457438,0.0,,68:54:5a:e2:f2:c0,101537401.0,81229920.0,36,5180,40,17,7,15,-92,38,2,off,0.918,1.004,1.166,68:54:5a:e2:f2:c0,-56.0,87.0,87.0,135.0,300.0,101538239.0,171084.0,7.0,TCP,2,,,73922782.10728195,0.0,,ac:ed:5c:47:06:cb,88702971.0,70962376.0,36,5180,80,17,15,31,-91,39,2,on,1.184,1.299,1.438,ac:ed:5c:47:06:cb,-46.0,128.0,128.0,6.0,6.0,88704466.0,213194.0,
2025-08-13 17:57:58,RUN_20250813_175732_88,UDP,1,400M,,103257791.53766769,0.0549703272417236,0.05682862963762266,68:54:5a:e2:f2:c0,132824248.0,106259398.0,36,5180,80,10,63,127,-92,36,2,on,2.02,2.067,2.161,68:54:5a:e2:f2:c0,-45.0,276.0,276.0,135.0,270.0,132825582.0,20356.0,7.0,UDP,1,50M,,49996149.030422665,12.757182576459686,0.02555014217603463,ac:ed:5c:47:06:cb,64316998.0,51453598.0,36,5180,80,10,15,31,-91,36,1,off,1.318,1.588,1.878,ac:ed:5c:47:06:cb,-48.0,29.0,29.0,351.0,468.0,64316998.0,20711.0,8.0
2025-08-13 17:58:30,RUN_20250813_175806_89,UDP,1,10M,,9999228.80616955,0.0,0.09682734483354007,68:54:5a:e2:f2:c0,12868721.0,10294976.0,40,5200,20,17,31,63,-91,32,1,off,0.912,0.972,1.08,68:54:5a:e2:f2:c0,-46.0,3.0,3.0,65.0,130.0,12869995.0,17949.0,7.0,TCP,4,,,34147913.57421739,0.0,,ac:ed:5c:47:06:cb,30064482.0,24051585.0,48,5240,20,17,15,31,-92,32,2,on,1.185,1.949,2.303,ac:ed:5c:47:06:cb,-48.0,0.0,0.0,65.0,144.4,30066814.0,370954.0,7.0
2025-08-13 17:59:03,RUN_20250813_175837_90,TCP,1,,2M,235926816.06357044,0.0,,68:54:5a:e2:f2:c0,306198357.0,244958685.0,44,5220,80,10,63,127,-91,32,1,on,1.606,1.858,2.101,68:54:5a:e2:f2:c0,-58.0,5586.0,5586.0,390.0,866.7,306199366.0,362799.0,9.0,TCP,1,,2M,26142632.9254069,0.0,,ac:ed:5c:47:06:cb,18010670.0,14408536.0,36,5180,40,23,7,15,-92,36,2,on,0.961,1.235,1.576,ac:ed:5c:47:06:cb,-45.0,1033.0,1033.0,6.0,6.0,18012972.0,80675.0,
2025-08-13 17:59:37,RUN_20250813_175911_91,TCP,16,,,95972736.52891134,0.0,,68:54:5a:e2:f2:c0,114834534.0,91867627.0,44,5220,40,23,31,63,-91,32,1,off,0.883,1.053,1.242,68:54:5a:e2:f2:c0,-59.0,1571.0,1571.0,135.0,300.0,114835528.0,1671367.0,7.0,TCP,1,,2M,22281572.21823393,0.0,,ac:ed:5c:47:06:cb,21422393.0,17137914.0,48,5240,40,23,15,31,-92,29,1,on,1.067,1.829,2.119,ac:ed:5c:47:06:cb,-48.0,77.0,77.0,6.0,6.0,21424725.0,91799.0,
2025-08-13 18:00:10,RUN_20250813_175944_92,UDP,1,5M,,4999614.903042266,0.0,0.3995146814944688,68:54:5a:e2:f2:c0,6438549.0,5150839.0,44,5220,40,17,31,63,-91,32,2,off,1.945,2.042,2.297,68:54:5a:e2:f2:c0,-48.0,1173.0,1173.0,135.0,243.0,6439387.0,19891.0,7.0,UDP,1,100M,,97573812.1440332,66.54952986988317,0.3585714866299594,ac:ed:5c:47:06:cb,108542810.0,86834248.0,40,5200,20,23,15,31,-92,29,2,on,1.127,1.572,2.162,ac:ed:5c:47:06:cb,-50.0,1890.0,1890.0,6.0,6.0,108544706.0,23259.0,
2025-08-13 18:01:17,RUN_20250813_180051_94,TCP,1,,512K,275243570.5900117,0.0,,68:54:5a:e2:f2:c0,359647779.0,287718223.0,36,5180,80,10,31,63,-92,34,1,off,1.504,1.546,1.64,68:54:5a:e2:f2:c0,-58.0,1776.0,1776.0,390.0,866.7,359648695.0,431909.0,9.0,UDP,1,5M,,4999614.403084775,26.552363299351253,7.207396079953373,ac:ed:5c:47:06:cb,5328591.0,4262872.0,36,5180,40,23,15,31,-92,37,1,on,1.081,1.555,1.741,ac:ed:5c:47:06:cb,-47.0,0.0,0.0,135.0,121.5,5330159.0,21233.0,7.0
2025-08-13 18:02:24,RUN_20250813_180157_96,UDP,1,400M,,41910572.52436256,0.0,0.0484199295881065,68:54:5a:e2:f2:c0,53915013.0,43132010.0,48,5240,20,23,63,127,-92,29,1,off,1.966,2.015,2.1,68:54:5a:e2:f2:c0,-48.0,133.0,133.0,65.0,144.4,53915911.0,19100.0,7.0,TCP,1,,1M,15874253.246655848,0.0,,ac:ed:5c:47:06:cb,17614731.0,14091784.0,48,5240,20,23,63,127,-92,28,1,on,0.9,1.05,1.156,ac:ed:5c:47:06:cb,-45.0,0.0,0.0,6.0,6.0,17617155.0,103934.0,
2025-08-13 18:02:56,RUN_20250813_180231_97,TCP,1,,4M,50330837.67351346,0.0,,68:54:5a:e2:f2:c0,59636180.0,47708944.0,44,5220,20,17,7,15,-92,29,1,on,0.98,1.274,1.596,68:54:5a:e2:f2:c0,-58.0,28.0,28.0,65.0,144.4,59637018.0,137300.0,7.0,UDP,1,100M,,99992298.06084533,0.0,0.0589909897958547,ac:ed:5c:47:06:cb,128624398.0,102899518.0,44,5220,80,17,7,15,-92,28,1,off,1.008,1.732,2.234,ac:ed:5c:47:06:cb,-51.0,459.0,459.0,390.0,6.0,128624688.0,19168.0,9.0
2025-08-13 18:03:30,RUN_20250813_180303_98,UDP,1,200M,,101823724.17495143,0.022752869705691632,0.0703484665684428,68:54:5a:e2:f2:c0,130979866.0,104783892.0,44,5220,80,17,31,63,-92,29,1,off,1.96,2.269,2.673,68:54:5a:e2:f2:c0,-48.0,3912.0,3912.0,135.0,243.0,130980704.0,19764.0,7.0,UDP,1,10M,,9999228.80616955,3.0699721964782207,0.338309234828046,ac:ed:5c:47:06:cb,12870246.0,10296196.0,36,5180,80,17,31,63,-91,6,2,off,1.095,1.118,1.17,ac:ed:5c:47:06:cb,-49.0,104.0,104.0,292.5,351.0,12870682.0,20632.0,7.0
2025-08-13 18:04:03,RUN_20250813_180337_99,TCP,8,,,232960928.497794,0.0,,68:54:5a:e2:f2:c0,286045874.0,228836699.0,36,5180,80,17,31,63,-92,41,2,off,0.908,1.388,1.64,68:54:5a:e2:f2:c0,-58.0,452.0,452.0,292.5,866.7,286046658.0,760258.0,7.0,UDP,1,50M,,45768013.27909244,6.514806378132119,0.410449619772412,ac:ed:5c:47:06:cb,58878220.0,47102576.0,44,5220,80,17,63,127,-91,5,2,off,0.953,1.375,1.745,ac:ed:5c:47:06:cb,-46.0,169.0,169.0,292.5,6.0,58878280.0,21556.0,7.0
2025-08-13 18:04:35,RUN_20250813_180411_100,TCP,1,,2M,174061579.4795201,0.0,,68:54:5a:e2:f2:c0,224851987.0,179881589.0,36,5180,80,23,31,63,-92,34,2,on,1.021,1.22,1.631,68:54:5a:e2:f2:c0,-58.0,237.0,237.0,292.5,866.7,224853363.0,277651.0,7.0,UDP,1,200M,,53859387.8967744,36.79750510807614,0.1996209921717647,ac:ed:5c:47:06:cb,69285581.0,55428464.0,36,5180,40,17,31,63,-92,40,2,on,1.086,1.194,1.284,ac:ed:5c:47:06:cb,-45.0,0.0,0.0,6.0,6.0,69286423.0,23338.0,
2025-08-13 18:05:09,RUN_20250813_180442_101,TCP,1,,512K,34207127.8316149,0.0,,68:54:5a:e2:f2:c0,43001764.0,34401411.0,48,5240,20,23,7,15,-91,31,2,on,2.026,2.073,2.175,68:54:5a:e2:f2:c0,-59.0,28.0,28.0,65.0,144.4,43003614.0,103757.0,7.0,TCP,4,,,48632484.70419578,0.0,,ac:ed:5c:47:06:cb,60870463.0,48696370.0,44,5220,20,17,63,127,-92,31,1,off,2.561,2.616,2.676,ac:ed:5c:47:06:cb,-48.0,711.0,715.0,6.0,144.4,60870869.0,697182.0,15.0
2025-08-13 18:05:43,RUN_20250813_180516_102,UDP,1,50M,,45318566.783322416,0.0,0.06906689727038116,68:54:5a:e2:f2:c0,58299466.0,46639572.0,48,5240,20,17,15,31,-91,31,2,off,0.702,1.165,1.849,68:54:5a:e2:f2:c0,-49.0,270.0,270.0,65.0,144.4,58300686.0,19994.0,7.0,TCP,4,,,75926090.4047264,0.0,,ac:ed:5c:47:06:cb,96159319.0,76927455.0,44,5220,40,17,7,15,-92,31,1,off,1.41,1.598,1.883,ac:ed:5c:47:06:cb,-47.0,257.0,257.0,6.0,300.0,96160161.0,600232.0,15.0
2025-08-13 18:06:16,RUN_20250813_180550_103,TCP,4,,,37291927.426063634,0.0,,68:54:5a:e2:f2:c0,34518944.0,27615155.0,44,5220,20,17,63,127,-91,31,1,off,1.924,2.187,2.459,68:54:5a:e2:f2:c0,-57.0,738.0,738.0,65.0,144.4,34521022.0,224869.0,7.0,UDP,1,10M,,9999225.806425806,0.0,0.054365210303007,ac:ed:5c:47:06:cb,12869313.0,10295450.0,40,5200,20,23,15,31,-92,31,2,off,2.251,2.407,2.5,ac:ed:5c:47:06:cb,-49.0,31.0,31.0,65.0,65.0,12870155.0,19646.0,7.0
2025-08-13 18:07:21,RUN_20250813_180656_105,UDP,1,400M,,144380662.55469954,45.16964994905287,0.012632827509667606,68:54:5a:e2:f2:c0,127843006.0,102274404.0,36,5180,40,17,31,63,-92,43,1,on,1.147,1.715,2.042,68:54:5a:e2:f2:c0,-44.0,463.0,463.0,135.0,270.0,127844876.0,19547.0,7.0,UDP,1,10M,,8643910.78432265,0.9380863039399625,0.14897026457442306,ac:ed:5c:47:06:cb,5071.0,4056.0,44,5220,40,23,31,63,-92,31,1,off,2.276,2.304,2.349,ac:ed:5c:47:06:cb,-46.0,1.0,1.0,135.0,54.0,7369.0,17985.0,7.0
2025-08-13 18:07:54,RUN_20250813_180728_106,TCP,2,,,95173969.9644205,0.0,,68:54:5a:e2:f2:c0,101343308.0,81074646.0,36,5180,80,17,15,31,-91,33,2,on,1.582,1.646,1.788,68:54:5a:e2:f2:c0,-44.0,177.0,177.0,292.5,866.7,101345769.0,152573.0,7.0,UDP,1,200M,,113438876.34510161,46.16248672494077,0.0855765409587361,ac:ed:5c:47:06:cb,145917392.0,116733913.0,44,5220,80,10,31,63,-92,31,2,off,1.243,1.527,1.82,ac:ed:5c:47:06:cb,-47.0,1.0,1.0,292.5,234.0,7954.0,18813.0,7.0
2025-08-13 18:09:34,RUN_20250813_180908_109,UDP,1,5M,,4999615.902957547,0.0,0.40533032949187475,68:54:5a:e2:f2:c0,6437523.0,5150018.0,36,5180,40,17,31,63,-92,6,2,on,2.017,2.07,2.201,68:54:5a:e2:f2:c0,-44.0,6.0,6.0,135.0,270.0,6438875.0,20558.0,7.0,UDP,1,10M,,9999224.806511626,6.881371640407785,1.9476841117777026,ac:ed:5c:47:06:cb,12866742.0,10293393.0,44,5220,80,10,7,15,-92,30,1,off,2.186,2.235,2.294,ac:ed:5c:47:06:cb,-50.0,1.0,1.0,6.0,6.0,7730.0,18873.0,
2025-08-13 18:10:07,RUN_20250813_180941_110,UDP,1,200M,,126884354.30203643,2.9944766512986716,0.01566056213986087,68:54:5a:e2:f2:c0,163213617.0,130570893.0,44,5220,80,23,7,15,-89,5,1,off,0.931,1.115,1.568,68:54:5a:e2:f2:c0,-46.0,489.0,489.0,390.0,702.0,163214515.0,20499.0,9.0,UDP,1,400M,,98565604.07694614,30.30862166227905,0.487033091094316,ac:ed:5c:47:06:cb,126786404.0,101429123.0,44,5220,40,23,15,31,-92,30,2,off,0.988,1.129,1.372,ac:ed:5c:47:06:cb,-46.0,2.0,2.0,135.0,27.0,6011.0,18105.0,7.0
2025-08-13 18:10:40,RUN_20250813_181014_111,UDP,1,400M,,171598211.2143103,1.9029938907078003,0.04528676054982913,68:54:5a:e2:f2:c0,220727794.0,176582235.0,36,5180,80,23,63,127,-92,32,2,on,1.617,1.82,2.092,68:54:5a:e2:f2:c0,-43.0,5080.0,5080.0,292.5,780.0,220728788.0,21495.0,7.0,UDP,1,10M,,9999224.806511626,8.00509731232623,0.106924754155599,ac:ed:5c:47:06:cb,12866975.0,10293580.0,40,5200,20,23,31,63,-92,30,1,on,1.988,2.134,2.377,ac:ed:5c:47:06:cb,-50.0,0.0,0.0,65.0,52.0,6545.0,18821.0,7.0
2025-08-13 18:12:54,RUN_20250813_181228_115,UDP,1,10M,,9999229.80608453,0.0,0.3645227309968856,68:54:5a:e2:f2:c0,12867913.0,10294330.0,48,5240,20,17,7,15,-92,38,2,on,2.02,2.148,2.36,68:54:5a:e2:f2:c0,-47.0,1.0,1.0,65.0,144.4,12868751.0,18937.0,7.0,UDP,1,5M,,4999612.903212903,4.610750695088044,0.08198500749473873,ac:ed:5c:47:06:cb,6435928.0,5148742.0,48,5240,20,23,31,63,-92,30,2,on,1.201,1.376,1.591,ac:ed:5c:47:06:cb,-45.0,0.0,0.0,6.0,6.0,4960.0,8670.0,
2025-08-13 18:14:33,RUN_20250813_181409_118,UDP,1,100M,,99928576.57138743,0.0,0.09979573857634935,68:54:5a:e2:f2:c0,128542049.0,102833639.0,36,5180,40,23,7,15,-92,39,1,off,1.918,1.983,2.099,68:54:5a:e2:f2:c0,-44.0,92.0,92.0,135.0,270.0,128542887.0,18612.0,7.0,TCP,1,,4M,,0.0,,ac:ed:5c:47:06:cb,3286.0,2628.0,36,5180,80,17,63,127,-92,38,2,on,2.183,2.241,2.38,,,,,,,,,
2025-08-13 18:15:40,RUN_20250813_181514_120,UDP,1,50M,,49996154.02999856,27.60194624652456,0.03967054944228495,68:54:5a:e2:f2:c0,58370773.0,46696618.0,44,5220,80,23,31,63,-92,30,1,off,1.923,1.973,2.089,68:54:5a:e2:f2:c0,-48.0,699.0,699.0,135.0,270.0,58373001.0,18526.0,7.0,UDP,1,5M,,4999614.403084775,27.919369786839667,0.14762364282494228,ac:ed:5c:47:06:cb,3027292.0,2421833.0,48,5240,20,17,31,63,-92,30,1,off,1.093,1.577,1.84,ac:ed:5c:47:06:cb,-47.0,248.0,248.0,65.0,26.0,3029836.0,20646.0,7.0
2025-08-13 18:17:53,RUN_20250813_181727_124,TCP,2,,,15339029.983052837,0.0,,68:54:5a:e2:f2:c0,23456.0,18764.0,40,5200,20,23,63,127,-92,34,2,on,1.99,2.074,2.251,68:54:5a:e2:f2:c0,-46.0,0.0,0.0,65.0,144.4,25496.0,19345.0,7.0,UDP,1,50M,,49996129.032129034,67.63206672845227,0.599994321685423,ac:ed:5c:47:06:cb,24895299.0,19916239.0,48,5240,20,17,7,15,-92,2,2,off,1.253,1.363,1.639,ac:ed:5c:47:06:cb,-45.0,0.0,0.0,6.0,6.0,24897255.0,21158.0,
2025-08-13 18:18:26,RUN_20250813_181800_125,TCP,1,,512K,63861199.6150433,0.0,,68:54:5a:e2:f2:c0,13755.0,11004.0,36,5180,80,17,15,31,-92,12,2,on,1.201,1.53,1.664,68:54:5a:e2:f2:c0,-46.0,1.0,1.0,292.5,585.0,16067.0,19334.0,7.0,TCP,16,,,45610280.5935487,0.0,,ac:ed:5c:47:06:cb,22286862.0,17829489.0,44,5220,40,23,31,63,-92,2,2,on,1.405,1.889,2.104,ac:ed:5c:47:06:cb,-46.0,84.0,84.0,6.0,6.0,22288818.0,457388.0,
2025-08-13 18:20:39,RUN_20250813_182011_129,TCP,1,,,70672114.25291517,0.0,,68:54:5a:e2:f2:c0,89869957.0,71895965.0,36,5180,40,10,31,63,-92,42,2,off,0.881,0.95,1.089,68:54:5a:e2:f2:c0,-44.0,0.0,0.0,135.0,243.0,5780.0,14956.0,7.0,TCP,2,,,95628754.1459403,0.0,,ac:ed:5c:47:06:cb,121085197.0,96868157.0,36,5180,80,23,7,15,-92,39,2,on,1.247,1.547,2.353,ac:ed:5c:47:06:cb,-48.0,0.0,0.0,292.5,175.6,7803.0,20332.0,7.0
2025-08-13 18:21:11,RUN_20250813_182046_130,TCP,1,,4M,111147022.00949723,0.0,,68:54:5a:e2:f2:c0,140099118.0,112079294.0,36,5180,40,17,7,15,-92,39,1,on,1.03,1.693,2.057,68:54:5a:e2:f2:c0,-44.0,0.0,0.0,135.0,243.0,5530.0,13262.0,7.0,UDP,1,5M,,4999613.403170094,3.45227062094532,1.506784553946211,ac:ed:5c:47:06:cb,5435.0,4348.0,44,5220,20,10,63,127,-92,36,2,off,1.163,1.725,2.668,ac:ed:5c:47:06:cb,-49.0,1.0,1.0,65.0,39.0,6993.0,19717.0,7.0
2025-08-13 18:22:55,RUN_20250813_182229_133,TCP,1,,1M,62564470.76503328,0.0,,68:54:5a:e2:f2:c0,80689383.0,64551506.0,44,5220,40,23,63,127,-92,35,2,off,,,,68:54:5a:e2:f2:c0,-48.0,1.0,1.0,135.0,162.0,4726.0,6277.0,7.0,UDP,1,400M,,49348588.8067129,36.7620478392526,0.3371241424323496,ac:ed:5c:47:06:cb,63480088.0,50784070.0,44,5220,20,23,7,15,-92,23,2,on,,,,ac:ed:5c:47:06:cb,-48.0,0.0,0.0,65.0,58.5,6562.0,18106.0,7.0
2025-08-13 18:24:04,RUN_20250813_182335_135,UDP,1,50M,,34340503.57812245,0.0,0.882649937164612,68:54:5a:e2:f2:c0,44176421.0,35341136.0,48,5240,20,17,15,31,-92,30,1,off,,,,68:54:5a:e2:f2:c0,-48.0,0.0,0.0,6.0,52.0,505.0,1160.0,11.0,TCP,1,,512K,117289441.59775667,0.0,,ac:ed:5c:47:06:cb,153665805.0,122932644.0,36,5180,80,23,31,63,-91,20,2,on,,,,ac:ed:5c:47:06:cb,-45.0,0.0,0.0,6.0,6.0,5960.0,16434.0,
2025-08-13 18:24:37,RUN_20250813_182411_136,TCP,1,,4M,114292886.73808014,0.0,,68:54:5a:e2:f2:c0,143978501.0,115182800.0,36,5180,40,23,63,127,-92,39,1,off,0.869,1.451,2.033,,,,,,,,,,TCP,1,,1M,65551832.31581343,0.0,,ac:ed:5c:47:06:cb,84895368.0,67916294.0,44,5220,40,10,31,63,-92,15,1,off,1.506,1.643,1.781,ac:ed:5c:47:06:cb,-47.0,0.0,0.0,135.0,27.0,7824.0,17963.0,7.0
2025-08-13 18:25:12,RUN_20250813_182444_137,TCP,8,,,116412959.90115337,0.0,,68:54:5a:e2:f2:c0,135199299.0,108159439.0,36,5180,40,23,63,127,-91,34,2,off,1.58,3.257,6.404,,,,,,,,,,UDP,1,10M,,9999229.80608453,12.859128822984244,0.5202917926084317,ac:ed:5c:47:06:cb,12866354.0,10293083.0,36,5180,80,17,63,127,-92,38,2,on,2.23,3.905,7.244,ac:ed:5c:47:06:cb,-48.0,0.0,0.0,292.5,117.0,7089.0,17567.0,7.0
2025-08-13 18:26:52,RUN_20250813_182630_140,TCP,1,,512K,127567218.16649474,0.0,,68:54:5a:e2:f2:c0,166269458.0,133015566.0,36,5180,80,10,31,63,-91,43,2,on,1.615,1.656,1.756,68:54:5a:e2:f2:c0,-58.0,276.0,276.0,292.5,866.7,166270258.0,187288.0,7.0,TCP,1,,2M,111111191.82122143,0.0,,ac:ed:5c:47:06:cb,144092387.0,115273909.0,44,5220,80,17,7,15,-80,39,2,off,1.947,2.008,2.088,ac:ed:5c:47:06:cb,-47.0,1.0,1.0,6.0,48.0,5092.0,13356.0,
2025-08-13 18:28:33,RUN_20250813_182805_143,TCP,1,,,224287782.2329479,0.0,,68:54:5a:e2:f2:c0,285578623.0,228462898.0,36,5180,80,17,15,31,-92,26,1,on,1.004,1.052,1.095,68:54:5a:e2:f2:c0,-58.0,2171.0,2171.0,390.0,866.7,285580133.0,331285.0,9.0,UDP,1,10M,,9999224.806511626,0.0,2.303858958561153,ac:ed:5c:47:06:cb,12867372.0,10293897.0,44,5220,40,10,7,15,-92,2,1,off,1.135,1.362,1.94,,,,,,,,,
2025-08-13 18:29:05,RUN_20250813_182841_144,UDP,1,50M,,49996144.03084775,0.0,0.2178708403935625,68:54:5a:e2:f2:c0,64315470.0,51452376.0,44,5220,20,23,15,31,-91,20,1,off,1.837,1.978,2.126,68:54:5a:e2:f2:c0,-47.0,124.0,124.0,65.0,144.4,64316646.0,17813.0,7.0,UDP,1,400M,,123512241.15084668,19.476853241296517,0.051680712282336456,ac:ed:5c:47:06:cb,158875472.0,127100377.0,44,5220,80,10,7,15,-92,2,2,off,1.184,1.425,1.724,ac:ed:5c:47:06:cb,-47.0,405.0,406.0,6.0,36.0,158875932.0,11194.0,
2025-08-13 18:29:39,RUN_20250813_182912_145,TCP,1,,1M,75752628.66740453,0.0,,68:54:5a:e2:f2:c0,98129828.0,78503862.0,44,5220,40,10,31,63,-91,20,2,on,2.034,2.069,2.157,68:54:5a:e2:f2:c0,-59.0,227.0,227.0,135.0,300.0,98130514.0,166426.0,7.0,TCP,4,,,59739798.05607927,0.0,,ac:ed:5c:47:06:cb,73746795.0,58997436.0,44,5220,40,23,63,127,-92,2,2,on,1.355,2.039,2.33,ac:ed:5c:47:06:cb,-47.0,520.0,525.0,6.0,300.0,73747697.0,490980.0,15.0
2025-08-13 18:30:13,RUN_20250813_182946_146,UDP,1,200M,,35709718.264197536,0.03243909559801473,0.3738168172967669,68:54:5a:e2:f2:c0,45939538.0,36751630.0,48,5240,20,10,15,31,-91,20,2,off,1.706,1.912,2.095,68:54:5a:e2:f2:c0,-48.0,2671.0,2671.0,65.0,144.4,45940338.0,20191.0,7.0,TCP,1,,512K,102397886.7447251,0.0,,ac:ed:5c:47:06:cb,134023525.0,107218820.0,36,5180,80,10,63,127,-91,15,1,off,1.312,1.716,2.203,ac:ed:5c:47:06:cb,-50.0,2877.0,2877.0,6.0,866.7,134024445.0,216387.0,9.0
2025-08-13 18:31:17,RUN_20250813_183052_148,UDP,1,50M,,6912118.194266265,41.9808949220714,2.2595235958247644,68:54:5a:e2:f2:c0,8898460.0,7118768.0,36,5180,80,10,63,127,-92,31,2,off,2.067,2.301,2.851,68:54:5a:e2:f2:c0,-46.0,1630.0,1633.0,6.0,780.0,8899890.0,25021.0,9.0,UDP,1,400M,,144318109.45512435,47.142111811213226,0.079094772776201,ac:ed:5c:47:06:cb,127183567.0,101746853.0,44,5220,40,23,31,63,-92,11,1,on,1.548,1.712,2.017,ac:ed:5c:47:06:cb,-47.0,344.0,344.0,6.0,6.0,127186349.0,21616.0,
2025-08-13 18:31:52,RUN_20250813_183124_149,UDP,1,50M,,49996154.02999856,0.8850787766450418,0.03167399107528574,68:54:5a:e2:f2:c0,64314852.0,51451881.0,36,5180,80,10,7,15,-92,28,2,on,1.673,1.714,1.799,68:54:5a:e2:f2:c0,-45.0,51.0,51.0,263.3,702.0,64315750.0,21489.0,6.0,TCP,1,,512K,43441865.00460395,0.0,,ac:ed:5c:47:06:cb,44272031.0,35417624.0,36,5180,40,10,63,127,-92,27,1,off,1.721,1.782,1.847,ac:ed:5c:47:06:cb,-44.0,323.0,323.0,6.0,6.0,44274411.0,169586.0,
2025-08-13 18:32:24,RUN_20250813_183159_150,TCP,1,,1M,74136725.1866428,0.0,,68:54:5a:e2:f2:c0,95474326.0,76379460.0,36,5180,40,23,31,63,-92,31,2,on,1.772,1.997,2.217,68:54:5a:e2:f2:c0,-55.0,170.0,170.0,135.0,300.0,95475164.0,162890.0,7.0,TCP,2,,,73801826.07534797,0.0,,ac:ed:5c:47:06:cb,92381168.0,73904934.0,36,5180,80,10,63,127,-92,34,2,off,1.081,1.15,1.222,ac:ed:5c:47:06:cb,-46.0,13.0,13.0,6.0,6.0,92382088.0,393265.0,
2025-08-13 18:32:58,RUN_20250813_183231_151,TCP,1,,,57146214.78797536,0.0,,68:54:5a:e2:f2:c0,71861564.0,57489251.0,40,5200,20,10,63,127,-91,30,1,off,1.906,1.971,2.08,68:54:5a:e2:f2:c0,-56.0,1.0,1.0,65.0,144.4,71862402.0,159721.0,7.0,TCP,16,,,59216620.41894843,0.0,,ac:ed:5c:47:06:cb,70141127.0,56112901.0,48,5240,20,10,63,127,-91,31,1,off,2.028,2.101,2.198,ac:ed:5c:47:06:cb,-47.0,87.0,87.0,6.0,144.4,70141593.0,1684332.0,15.0
2025-08-13 18:33:32,RUN_20250813_183305_152,TCP,1,,512K,106872573.28203267,0.0,,68:54:5a:e2:f2:c0,139282841.0,111426272.0,44,5220,40,10,15,31,-91,30,2,off,1.897,1.967,2.067,68:54:5a:e2:f2:c0,-58.0,1287.0,1287.0,135.0,300.0,139283841.0,241665.0,7.0,TCP,1,,,95907560.48913296,0.0,,ac:ed:5c:47:06:cb,123938056.0,99150444.0,36,5180,40,10,15,31,-92,34,1,on,1.009,1.11,1.222,ac:ed:5c:47:06:cb,-47.0,994.0,994.0,135.0,300.0,123938056.0,420244.0,7.0
2025-08-13 18:34:03,RUN_20250813_183339_153,TCP,4,,,57781428.13214835,0.0,,68:54:5a:e2:f2:c0,70508402.0,56406721.0,44,5220,20,23,15,31,-91,30,2,off,1.457,1.934,2.519,68:54:5a:e2:f2:c0,-59.0,598.0,598.0,65.0,144.4,70509186.0,464472.0,7.0,TCP,1,,,34172246.40960816,0.0,,ac:ed:5c:47:06:cb,43363315.0,34690652.0,40,5200,20,10,15,31,-92,26,1,on,2.087,2.134,2.199,ac:ed:5c:47:06:cb,-50.0,3100.0,3100.0,6.0,6.0,43363721.0,201874.0,
2025-08-13 18:35:10,RUN_20250813_183444_155,TCP,1,,1M,91859815.5906186,0.0,,68:54:5a:e2:f2:c0,114046003.0,91236802.0,36,5180,80,10,31,63,-92,19,1,off,1.02,1.202,1.525,68:54:5a:e2:f2:c0,-56.0,221.0,221.0,135.0,300.0,114047673.0,202248.0,7.0,TCP,16,,,10608464.890487177,0.0,,ac:ed:5c:47:06:cb,3559615.0,2847692.0,36,5180,20,17,7,15,-92,31,2,off,2.251,2.326,2.441,ac:ed:5c:47:06:cb,-47.0,2.0,2.0,65.0,144.4,3574253.0,63005.0,7.0
2025-08-13 18:35:44,RUN_20250813_183517_156,TCP,1,,2M,165672920.52120143,0.0,,68:54:5a:e2:f2:c0,214633002.0,171706401.0,48,5240,80,10,31,63,-92,18,2,off,1.277,1.469,1.67,68:54:5a:e2:f2:c0,-58.0,1337.0,1337.0,292.5,866.7,214633840.0,258446.0,7.0,TCP,16,,,38325169.6053121,0.0,,ac:ed:5c:47:06:cb,16770625.0,13416500.0,44,5220,40,17,15,31,-92,28,2,off,1.249,1.304,1.379,ac:ed:5c:47:06:cb,-47.0,9.0,9.0,135.0,300.0,16772745.0,246617.0,7.0
2025-08-13 18:36:16,RUN_20250813_183551_157,TCP,1,,,151432203.32457712,0.0,,68:54:5a:e2:f2:c0,195681889.0,156545511.0,44,5220,80,23,7,15,-92,18,2,off,0.971,1.332,1.745,68:54:5a:e2:f2:c0,-58.0,198.0,198.0,292.5,866.7,195682727.0,267136.0,7.0,TCP,1,,,45083290.3802188,0.0,,ac:ed:5c:47:06:cb,20362.0,16289.0,44,5220,80,23,31,63,-92,28,2,off,1.88,1.956,2.017,ac:ed:5c:47:06:cb,-47.0,0.0,0.0,292.5,117.0,22536.0,18954.0,7.0
2025-08-13 18:36:49,RUN_20250813_183623_158,UDP,1,5M,,4999615.902957547,0.0,0.25259971101441586,68:54:5a:e2:f2:c0,6437993.0,5150394.0,36,5180,80,17,31,63,-92,5,1,off,1.569,1.601,1.675,68:54:5a:e2:f2:c0,-46.0,14.0,14.0,390.0,702.0,6438733.0,19528.0,9.0,UDP,1,5M,,4999613.903127384,3.8461538461538463,0.7667853416526597,ac:ed:5c:47:06:cb,5745.0,4596.0,44,5220,80,10,15,31,-92,28,1,off,1.133,1.404,2.025,ac:ed:5c:47:06:cb,-47.0,0.0,0.0,390.0,6.0,8005.0,19156.0,9.0
2025-08-13 18:39:02,RUN_20250813_183838_162,UDP,1,10M,,9999230.805999713,33.781278962001856,0.20591827169105542,68:54:5a:e2:f2:c0,3157406.0,2525924.0,36,5180,80,23,31,63,-92,10,1,off,0.95,1.468,1.713,68:54:5a:e2:f2:c0,-46.0,4.0,4.0,351.0,702.0,3159554.0,19139.0,8.0,UDP,1,10M,,9999228.80616955,10.51899907321594,0.08910164304177474,ac:ed:5c:47:06:cb,5181.0,4144.0,36,5180,80,17,15,31,-92,11,1,off,1.71,1.779,1.841,ac:ed:5c:47:06:cb,-45.0,0.0,0.0,390.0,6.0,6909.0,17033.0,9.0
2025-08-13 18:40:09,RUN_20250813_183942_164,UDP,1,10M,,9999227.80625477,0.0,0.703344161840506,68:54:5a:e2:f2:c0,5022.0,4017.0,44,5220,80,10,7,15,-91,8,2,off,0.913,1.271,1.903,68:54:5a:e2:f2:c0,-46.0,4.0,4.0,292.5,585.0,7170.0,16991.0,7.0,TCP,4,,,45764336.745790675,0.0,,ac:ed:5c:47:06:cb,56873789.0,45499031.0,36,5180,20,23,63,127,-92,20,2,off,1.698,1.775,1.864,ac:ed:5c:47:06:cb,-48.0,0.0,0.0,65.0,52.0,7567.0,19415.0,7.0
2025-08-13 18:40:42,RUN_20250813_184016_165,UDP,1,5M,,4999614.903042266,0.0,0.28556134189673,68:54:5a:e2:f2:c0,4963.0,3970.0,36,5180,40,23,63,127,-92,25,1,on,1.18,1.562,1.937,68:54:5a:e2:f2:c0,-44.0,0.0,0.0,135.0,270.0,6619.0,16960.0,7.0,UDP,1,50M,,49996129.032129034,5.797034291010195,0.027818895659617295,ac:ed:5c:47:06:cb,6065.0,4852.0,36,5180,40,17,15,31,-92,20,1,off,1.109,1.243,1.383,ac:ed:5c:47:06:cb,-48.0,1.0,1.0,135.0,40.5,7629.0,20032.0,7.0
2025-08-13 18:41:15,RUN_20250813_184050_166,UDP,1,10M,,9999230.805999713,0.0,0.12233669884766414,68:54:5a:e2:f2:c0,12865803.0,10292642.0,48,5240,20,10,7,15,-92,20,2,on,1.183,1.89,2.355,68:54:5a:e2:f2:c0,-47.0,0.0,0.0,65.0,130.0,6219.0,16151.0,7.0,TCP,4,,,113320380.54377596,0.0,,ac:ed:5c:47:06:cb,141784372.0,113427497.0,36,5180,40,17,15,31,-92,22,2,on,1.232,2.557,4.458,ac:ed:5c:47:06:cb,-47.0,0.0,0.0,135.0,40.5,5714.0,15481.0,7.0
2025-08-13 18:41:49,RUN_20250813_184122_167,UDP,1,400M,,110356420.98427422,0.018894265590393314,0.08503986441548728,68:54:5a:e2:f2:c0,141952148.0,113561718.0,44,5220,40,17,15,31,-92,20,1,on,1.029,1.617,3.261,68:54:5a:e2:f2:c0,-47.0,0.0,0.0,135.0,270.0,4880.0,16100.0,7.0,TCP,8,,,48952154.9554771,0.0,,ac:ed:5c:47:06:cb,60380523.0,48304418.0,40,5200,20,10,63,127,-90,21,2,on,1.347,2.126,2.678,ac:ed:5c:47:06:cb,-50.0,0.0,0.0,6.0,6.0,5430.0,15092.0,
2025-08-13 18:42:56,RUN_20250813_184237_169,TCP,1,,1M,32327384.75493848,0.0,,68:54:5a:e2:f2:c0,47044.0,37635.0,44,5220,80,10,7,15,-92,20,1,off,0.891,1.171,1.418,68:54:5a:e2:f2:c0,-45.0,9.0,9.0,390.0,585.0,48706.0,18266.0,9.0,TCP,1,,,37953989.1962809,0.0,,ac:ed:5c:47:06:cb,47677303.0,38141842.0,44,5220,20,10,7,15,-90,21,1,on,1.654,1.983,2.726,ac:ed:5c:47:06:cb,-50.0,0.0,0.0,6.0,6.0,505.0,1204.0,
2025-08-13 18:44:03,RUN_20250813_184336_171,TCP,1,,1M,33842256.6613714,0.0,,68:54:5a:e2:f2:c0,42805467.0,34244373.0,36,5180,20,17,63,127,-92,29,2,off,0.689,0.801,0.876,68:54:5a:e2:f2:c0,-43.0,0.0,0.0,65.0,117.0,5654.0,12102.0,7.0,TCP,2,,,27009324.02424118,0.0,,ac:ed:5c:47:06:cb,31918253.0,25534602.0,36,5180,20,17,63,127,-92,25,2,on,1.093,1.948,2.38,ac:ed:5c:47:06:cb,-44.0,28.0,28.0,65.0,6.0,31918319.0,218846.0,7.0
2025-08-13 18:45:11,RUN_20250813_184443_173,TCP,1,,512K,83884386.78390105,0.0,,68:54:5a:e2:f2:c0,109159559.0,87327647.0,44,5220,40,17,31,63,-92,25,2,on,0.633,1.351,2.361,68:54:5a:e2:f2:c0,-59.0,0.0,0.0,135.0,300.0,8370804.0,93163.0,7.0,UDP,1,100M,,94666007.4719402,30.6930814223832,0.15952868906819762,ac:ed:5c:47:06:cb,7509334.0,6007467.0,44,5220,40,23,7,15,-92,22,2,on,0.993,3.607,9.383,ac:ed:5c:47:06:cb,-46.0,0.0,0.0,135.0,81.0,7512034.0,19192.0,7.0
2025-08-13 18:45:43,RUN_20250813_184518_174,UDP,1,5M,,4999615.902957547,0.0,0.489734056137488,68:54:5a:e2:f2:c0,6435685.0,5148548.0,44,5220,80,23,31,63,-92,25,2,on,0.967,1.478,1.989,68:54:5a:e2:f2:c0,-45.0,0.0,0.0,292.5,526.6,5525.0,12401.0,7.0,UDP,1,5M,,4999613.403170094,0.0,0.2035349344777054,ac:ed:5c:47:06:cb,5601.0,4480.0,48,5240,20,17,15,31,-92,22,1,on,1.683,1.904,2.126,ac:ed:5c:47:06:cb,-47.0,0.0,0.0,65.0,39.0,7389.0,18391.0,7.0
2025-08-13 18:48:35,RUN_20250813_184809_179,TCP,2,,,60490799.99260012,0.0,,68:54:5a:e2:f2:c0,72984411.0,58387528.0,36,5180,40,17,15,31,-92,43,1,off,0.708,0.863,1.019,,,,,,,,,,TCP,1,,1M,29167006.5126225,0.0,,ac:ed:5c:47:06:cb,37853470.0,30282776.0,36,5180,20,23,31,63,-92,33,2,on,1.622,1.738,1.854,ac:ed:5c:47:06:cb,-44.0,0.0,0.0,6.0,6.0,6999.0,18835.0,
2025-08-13 18:49:09,RUN_20250813_184843_180,TCP,2,,,70357099.6728709,0.0,,68:54:5a:e2:f2:c0,87563865.0,70051092.0,36,5180,80,10,7,15,-92,36,2,on,1.081,1.081,1.081,,,,,,,,,,TCP,16,,,50024913.70601827,0.0,,ac:ed:5c:47:06:cb,60557131.0,48445704.0,36,5180,80,17,7,15,-92,33,1,off,2.545,2.545,2.545,ac:ed:5c:47:06:cb,-48.0,1.0,1.0,390.0,117.0,7803.0,18867.0,9.0
2025-08-13 18:50:51,RUN_20250813_185027_183,UDP,1,200M,,72906752.20193106,0.052432552670882454,0.01448453359551749,68:54:5a:e2:f2:c0,93781932.0,75025545.0,36,5180,40,17,63,127,-92,43,2,on,1.049,1.094,1.156,68:54:5a:e2:f2:c0,-44.0,277.0,277.0,135.0,162.0,93782732.0,6005.0,7.0,TCP,16,,,43215866.99372908,0.0,,ac:ed:5c:47:06:cb,2240274.0,1792219.0,36,5180,40,10,63,127,-91,31,1,off,2.113,2.164,2.224,ac:ed:5c:47:06:cb,-44.0,6.0,6.0,6.0,6.0,2242948.0,59824.0,
2025-08-13 18:51:24,RUN_20250813_185058_184,UDP,1,400M,,202143790.05490386,1.0676034222907342,0.01489569029240646,68:54:5a:e2:f2:c0,260017498.0,208013998.0,44,5220,80,17,63,127,-92,33,1,on,1.649,1.699,1.785,68:54:5a:e2:f2:c0,-45.0,1122.0,1122.0,390.0,585.0,260018734.0,15600.0,9.0,UDP,1,200M,,152145279.56512368,31.44767096587535,0.0857001947329715,ac:ed:5c:47:06:cb,3646789.0,2917431.0,44,5220,40,10,7,15,-78,30,2,on,1.79,1.877,1.978,ac:ed:5c:47:06:cb,-48.0,0.0,0.0,135.0,6.0,3649103.0,20646.0,7.0
2025-08-13 18:51:56,RUN_20250813_185132_185,TCP,1,,2M,145750169.24779978,0.0,,68:54:5a:e2:f2:c0,187993058.0,150394446.0,44,5220,80,10,63,127,-92,33,2,off,0.903,0.95,1.029,68:54:5a:e2:f2:c0,-57.0,298.0,298.0,292.5,866.7,187993798.0,229484.0,7.0,UDP,1,400M,,161747838.70950967,4.120861413296474,0.20536251147552,ac:ed:5c:47:06:cb,5893.0,4714.0,44,5220,20,23,15,31,-78,30,1,on,1.231,1.549,1.857,ac:ed:5c:47:06:cb,-49.0,0.0,0.0,65.0,39.0,8057.0,20417.0,7.0
2025-08-13 18:53:02,RUN_20250813_185240_187,TCP,1,,512K,144665655.60788625,0.0,,68:54:5a:e2:f2:c0,188633059.0,150906447.0,48,5240,80,23,63,127,-92,33,1,off,0.922,1.031,1.302,68:54:5a:e2:f2:c0,-58.0,1341.0,1341.0,390.0,866.7,188633799.0,254584.0,9.0,TCP,16,,,62611695.39638228,0.0,,ac:ed:5c:47:06:cb,76108113.0,60886490.0,44,5220,40,10,15,31,-92,26,1,off,1.702,1.779,1.848,ac:ed:5c:47:06:cb,-48.0,2.0,2.0,6.0,6.0,4717.0,12862.0,
2025-08-13 18:53:36,RUN_20250813_185309_188,TCP,4,,,59238010.09627683,0.0,,68:54:5a:e2:f2:c0,71417911.0,57134328.0,36,5180,20,10,15,31,-92,35,1,on,1.971,2.036,2.143,68:54:5a:e2:f2:c0,-54.0,145.0,145.0,65.0,144.4,71418651.0,476939.0,7.0,UDP,1,100M,,99991079.67582275,10.01981023876551,0.4779858305482267,ac:ed:5c:47:06:cb,128624111.0,102899288.0,44,5220,40,10,31,63,-92,26,2,on,2.129,2.987,5.294,ac:ed:5c:47:06:cb,-48.0,0.0,0.0,135.0,6.0,4652.0,7546.0,7.0
2025-08-13 18:55:49,RUN_20250813_185523_192,TCP,1,,1M,31183669.60005688,0.0,,68:54:5a:e2:f2:c0,39334197.0,31467357.0,36,5180,20,10,63,127,-92,35,1,off,0.887,1.058,1.3,68:54:5a:e2:f2:c0,-54.0,256.0,256.0,65.0,144.4,39334937.0,96970.0,7.0,TCP,1,,512K,24936300.77145218,0.0,,ac:ed:5c:47:06:cb,32120708.0,25696566.0,36,5180,20,23,31,63,-92,17,2,off,2.276,2.486,2.657,,,,,,,,,
2025-08-13 18:56:22,RUN_20250813_185556_193,TCP,1,,512K,68975948.5415307,0.0,,68:54:5a:e2:f2:c0,89686544.0,71749235.0,36,5180,40,23,31,63,-92,33,1,on,1.985,2.042,2.143,68:54:5a:e2:f2:c0,-56.0,3.0,3.0,135.0,300.0,89687442.0,158035.0,7.0,TCP,8,,,44922028.75533704,0.0,,ac:ed:5c:47:06:cb,53810567.0,43048453.0,36,5180,40,10,31,63,-92,22,1,on,1.137,1.215,1.288,,,,,,,,,
2025-08-13 18:56:56,RUN_20250813_185629_194,UDP,1,50M,,49996139.03127385,0.0,0.03023425382369977,68:54:5a:e2:f2:c0,64315659.0,51452527.0,44,5220,40,23,7,15,-76,31,1,off,1.136,1.469,1.832,68:54:5a:e2:f2:c0,-46.0,17.0,17.0,135.0,270.0,64316497.0,20256.0,7.0,UDP,1,50M,,49996119.03298822,13.549582947173308,0.12367951240019354,ac:ed:5c:47:06:cb,64315440.0,51452352.0,44,5220,80,10,63,127,-91,21,1,on,1.331,1.361,1.412,ac:ed:5c:47:06:cb,-48.0,0.0,0.0,6.0,6.0,526.0,1306.0,
2025-08-13 18:57:29,RUN_20250813_185703_195,TCP,1,,1M,39888634.427769475,0.0,,68:54:5a:e2:f2:c0,50847197.0,40677757.0,44,5220,20,17,63,127,-76,31,2,on,1.039,1.891,2.307,68:54:5a:e2:f2:c0,-57.0,3277.0,3277.0,65.0,144.4,50848035.0,121743.0,7.0,UDP,1,400M,,104136999.6903025,0.0,0.015860740484215735,ac:ed:5c:47:06:cb,133952904.0,107162323.0,36,5180,80,10,7,15,-92,27,2,off,1.403,1.941,2.333,ac:ed:5c:47:06:cb,-45.0,0.0,0.0,292.5,6.0,1061.0,1371.0,7.0
2025-08-13 18:58:01,RUN_20250813_185736_196,TCP,1,,512K,77368715.89161155,0.0,,68:54:5a:e2:f2:c0,100727806.0,80582244.0,36,5180,40,10,63,127,-91,33,1,on,1.018,1.114,1.268,68:54:5a:e2:f2:c0,-45.0,11960.0,11960.0,121.5,270.0,100729080.0,188209.0,6.0,TCP,2,,,53030019.4324384,0.0,,ac:ed:5c:47:06:cb,66580696.0,53264556.0,44,5220,20,23,15,31,-92,21,1,off,1.134,1.186,1.337,,,,,,,,,
2025-08-13 18:58:35,RUN_20250813_185809_197,TCP,4,,,282483323.5801053,0.0,,68:54:5a:e2:f2:c0,358254288.0,286603430.0,36,5180,80,17,63,127,-92,36,1,off,1.489,1.803,2.731,68:54:5a:e2:f2:c0,-57.0,604.0,604.0,390.0,866.7,358255562.0,515424.0,9.0,UDP,1,400M,,127956973.15282014,17.82257991508315,0.0747550818330757,ac:ed:5c:47:06:cb,164593743.0,131674994.0,36,5180,80,10,15,31,-91,49,2,off,1.923,1.955,1.992,ac:ed:5c:47:06:cb,-45.0,216.0,216.0,6.0,6.0,164594801.0,15517.0,
2025-08-13 18:59:07,RUN_20250813_185843_198,TCP,1,,512K,34311317.34816192,0.0,,68:54:5a:e2:f2:c0,44307920.0,35446336.0,36,5180,20,17,7,15,-91,34,1,off,1.921,1.992,2.077,68:54:5a:e2:f2:c0,-54.0,2217.0,2217.0,65.0,144.4,44309194.0,105937.0,7.0,TCP,2,,,109364825.39113659,0.0,,ac:ed:5c:47:06:cb,139060652.0,111248521.0,44,5220,80,17,15,31,-92,38,1,off,1.838,2.04,2.311,ac:ed:5c:47:06:cb,-48.0,1.0,1.0,6.0,6.0,526.0,1022.0,
2025-08-13 19:00:15,RUN_20250813_185948_200,TCP,1,,2M,57670590.0258485,0.0,,68:54:5a:e2:f2:c0,72103759.0,57683007.0,48,5240,20,10,7,15,-92,31,1,on,0.906,1.479,2.01,68:54:5a:e2:f2:c0,-58.0,0.0,0.0,65.0,144.4,72105033.0,161779.0,7.0,UDP,1,200M,,79993806.45140645,35.53203197405005,0.2490440860104875,ac:ed:5c:47:06:cb,102900504.0,82320403.0,40,5200,20,17,15,31,-92,29,2,off,1.102,1.579,2.464,ac:ed:5c:47:06:cb,-49.0,319.0,321.0,6.0,6.0,102901424.0,21157.0,
2025-08-13 19:00:48,RUN_20250813_190022_201,UDP,1,5M,,4999615.4029998565,0.0,0.227103963508614,68:54:5a:e2:f2:c0,6437724.0,5150179.0,36,5180,40,10,15,31,-92,34,1,off,0.848,1.144,1.513,68:54:5a:e2:f2:c0,-44.0,465.0,465.0,135.0,270.0,6438562.0,18842.0,7.0,TCP,1,,512K,251638113.14264226,0.0,,ac:ed:5c:47:06:cb,329403796.0,263523036.0,44,5220,80,10,31,63,-92,29,1,on,1.051,1.892,2.356,ac:ed:5c:47:06:cb,-51.0,3672.0,3672.0,390.0,6.0,329403796.0,499116.0,9.0
2025-08-13 19:01:20,RUN_20250813_190056_202,TCP,1,,1M,200597359.75643536,0.0,,68:54:5a:e2:f2:c0,262124101.0,209699280.0,44,5220,80,17,15,31,-92,26,1,on,1.58,1.632,1.742,68:54:5a:e2:f2:c0,-55.0,3187.0,3187.0,390.0,866.7,262124999.0,319399.0,9.0,TCP,2,,,25056616.241144136,0.0,,ac:ed:5c:47:06:cb,31025597.0,24820477.0,40,5200,20,23,63,127,-92,29,2,on,1.2,1.879,2.713,ac:ed:5c:47:06:cb,-50.0,1832.0,1832.0,6.0,6.0,31026063.0,214556.0,
2025-08-13 19:02:59,RUN_20250813_190235_205,TCP,4,,,110680471.58700117,0.0,,68:54:5a:e2:f2:c0,138539783.0,110831826.0,36,5180,40,10,63,127,-92,31,2,off,1.727,1.892,2.062,68:54:5a:e2:f2:c0,-56.0,3605.0,3605.0,135.0,300.0,138541057.0,488137.0,7.0,TCP,1,,512K,51521183.04964036,0.0,,ac:ed:5c:47:06:cb,66869711.0,53495768.0,44,5220,20,17,63,127,-92,8,2,off,1.917,2.211,2.514,ac:ed:5c:47:06:cb,-48.0,324.0,324.0,65.0,144.4,66870553.0,330012.0,7.0
2025-08-13 19:03:33,RUN_20250813_190307_206,UDP,1,400M,,109404190.88563474,1.892106517020488,0.013615116867720687,68:54:5a:e2:f2:c0,140729439.0,112583551.0,44,5220,80,17,15,31,-92,29,2,off,1.532,1.725,2.098,68:54:5a:e2:f2:c0,-45.0,334.0,334.0,263.3,702.0,140730415.0,20862.0,6.0,TCP,1,,,62493729.74045382,0.0,,ac:ed:5c:47:06:cb,78661000.0,62928800.0,44,5220,80,17,31,63,-92,8,1,on,1.331,1.513,1.81,ac:ed:5c:47:06:cb,-50.0,42.0,42.0,6.0,6.0,78661460.0,276010.0,
2025-08-13 19:05:45,RUN_20250813_190521_210,TCP,2,,,163680323.8672715,0.0,,68:54:5a:e2:f2:c0,210720260.0,168576208.0,44,5220,80,23,31,63,-92,63,2,off,0.878,0.922,1.009,68:54:5a:e2:f2:c0,-58.0,38.0,38.0,292.5,866.7,210721044.0,277265.0,7.0,UDP,1,200M,,36874052.36600624,0.0,0.5990177438487367,ac:ed:5c:47:06:cb,47434458.0,37947566.0,44,5220,20,23,31,63,-92,3,1,off,1.095,1.274,1.598,ac:ed:5c:47:06:cb,-48.0,0.0,0.0,6.0,6.0,505.0,1034.0,
2025-08-13 19:06:18,RUN_20250813_190552_211,TCP,16,,,87237612.23683076,0.0,,68:54:5a:e2:f2:c0,100202828.0,80162262.0,44,5220,40,10,15,31,-92,63,1,off,1.89,1.938,2.042,68:54:5a:e2:f2:c0,-58.0,3.0,3.0,135.0,300.0,100204578.0,1418680.0,7.0,UDP,1,50M,,45762216.74982265,0.0025313251487153526,0.40524397968128445,ac:ed:5c:47:06:cb,58867960.0,47094368.0,44,5220,80,17,31,63,-92,3,1,off,1.361,1.95,2.152,,,,,,,,,
2025-08-13 19:06:52,RUN_20250813_190625_212,UDP,1,200M,,109833986.711505,0.015820114748565643,0.12532383652741988,68:54:5a:e2:f2:c0,141282780.0,113026224.0,36,5180,40,10,63,127,-92,37,1,on,0.997,1.084,1.283,68:54:5a:e2:f2:c0,-44.0,422.0,422.0,135.0,270.0,141283618.0,19488.0,7.0,TCP,2,,,85946207.4015097,0.0,,ac:ed:5c:47:06:cb,111116879.0,88893503.0,44,5220,40,17,15,31,-92,3,1,on,1.463,2.122,2.378,ac:ed:5c:47:06:cb,-47.0,1745.0,1745.0,6.0,300.0,111117285.0,476870.0,15.0
2025-08-13 19:07:25,RUN_20250813_190659_213,UDP,1,100M,,56993982.44814041,0.0,0.1267016532965826,68:54:5a:e2:f2:c0,73316226.0,58652980.0,48,5240,20,17,15,31,-85,29,2,on,2.028,2.073,2.183,68:54:5a:e2:f2:c0,-47.0,0.0,0.0,65.0,144.4,73317560.0,19918.0,7.0,UDP,1,400M,,145728599.61420116,68.971081540834,0.17243083889294636,ac:ed:5c:47:06:cb,187452855.0,149962284.0,40,5200,20,17,63,127,-92,3,2,on,1.409,1.94,2.437,ac:ed:5c:47:06:cb,-50.0,333.0,335.0,6.0,6.0,187453697.0,23098.0,
2025-08-13 19:07:59,RUN_20250813_190732_214,UDP,1,100M,,99991129.67096263,0.0868870121294269,0.04344608986667762,68:54:5a:e2:f2:c0,128621907.0,102897525.0,36,5180,80,23,63,127,-92,27,1,on,0.977,1.042,1.203,68:54:5a:e2:f2:c0,-46.0,141.0,141.0,351.0,780.0,128622745.0,20900.0,8.0,UDP,1,5M,,4999614.403084775,2.386468952734013,5.706572545806488,ac:ed:5c:47:06:cb,6438878.0,5151102.0,44,5220,80,17,63,127,-92,3,2,off,1.963,2.038,2.121,ac:ed:5c:47:06:cb,-48.0,133.0,133.0,6.0,351.0,6439338.0,20569.0,4.0
2025-08-13 19:08:31,RUN_20250813_190806_215,TCP,4,,,204259683.88652045,0.0,,68:54:5a:e2:f2:c0,256785916.0,205428732.0,36,5180,80,23,7,15,-92,29,1,off,0.94,1.367,1.523,68:54:5a:e2:f2:c0,-58.0,897.0,897.0,390.0,866.7,256786754.0,373423.0,9.0,TCP,1,,2M,134007331.83283421,0.0,,ac:ed:5c:47:06:cb,177966556.0,142373244.0,44,5220,80,17,15,31,-92,3,1,on,1.438,1.727,1.916,ac:ed:5c:47:06:cb,-49.0,224.0,224.0,390.0,866.7,177966556.0,312238.0,9.0
2025-08-13 19:09:05,RUN_20250813_190838_216,TCP,1,,,55572572.82281532,0.0,,68:54:5a:e2:f2:c0,70869941.0,56695952.0,44,5220,20,10,63,127,-92,26,1,off,0.913,1.155,1.516,68:54:5a:e2:f2:c0,-58.0,494.0,494.0,65.0,144.4,70870857.0,157306.0,7.0,TCP,2,,,41997157.84291657,0.0,,ac:ed:5c:47:06:cb,52539476.0,42031580.0,40,5200,20,10,7,15,-92,3,2,off,1.671,1.942,2.197,ac:ed:5c:47:06:cb,-49.0,586.0,592.0,6.0,6.0,52539942.0,395875.0,
2025-08-13 19:09:39,RUN_20250813_190912_217,TCP,1,,1M,56100666.84233132,0.0,,68:54:5a:e2:f2:c0,71627700.0,57302160.0,48,5240,20,17,7,15,-92,26,1,on,0.89,1.754,2.139,68:54:5a:e2:f2:c0,-58.0,224.0,224.0,65.0,144.4,71629175.0,162309.0,7.0,TCP,4,,,94882341.89423917,0.0,,ac:ed:5c:47:06:cb,120279163.0,96223330.0,36,5180,40,17,63,127,-91,32,2,off,1.326,1.794,2.839,ac:ed:5c:47:06:cb,-47.0,313.0,314.0,6.0,300.0,120280411.0,796574.0,15.0
2025-08-13 19:11:17,RUN_20250813_191051_220,UDP,1,50M,,49996149.030422665,47.07367933271548,0.3169625650644309,68:54:5a:e2:f2:c0,35636635.0,28509308.0,44,5220,80,23,63,127,-92,26,2,on,1.315,1.655,1.982,68:54:5a:e2:f2:c0,-46.0,337.0,337.0,292.5,585.0,35638389.0,17183.0,7.0,TCP,16,,,53045831.42627803,0.0,,ac:ed:5c:47:06:cb,34485485.0,27588388.0,36,5180,40,10,63,127,-91,21,1,on,1.241,1.437,1.749,ac:ed:5c:47:06:cb,-50.0,3531.0,3531.0,135.0,6.0,34487381.0,627585.0,7.0
2025-08-13 19:14:04,RUN_20250813_191346_222,TCP,1,,2M,56622056.4919549,0.0,,68:54:5a:e2:f2:c0,70877751.0,56702200.0,36,5180,20,23,63,127,-92,9,1,on,0.877,0.985,1.119,68:54:5a:e2:f2:c0,-54.0,275.0,275.0,65.0,144.4,70878589.0,156812.0,7.0,TCP,16,,,99805268.17046015,0.0,,ac:ed:5c:47:06:cb,123767422.0,99013937.0,44,5220,40,10,63,127,-92,20,2,on,1.383,1.899,2.422,ac:ed:5c:47:06:cb,-48.0,0.0,0.0,6.0,6.0,123768264.0,2546181.0,
2025-08-13 19:14:38,RUN_20250813_191411_223,TCP,2,,,24580865.82093286,0.0,,68:54:5a:e2:f2:c0,26377.0,21101.0,36,5180,20,10,7,15,-92,10,2,on,1.999,2.068,2.179,68:54:5a:e2:f2:c0,-43.0,0.0,0.0,65.0,144.4,29167.0,19843.0,7.0,UDP,1,10M,,9999223.806597644,2.201112140871177,0.17253534410590518,ac:ed:5c:47:06:cb,5062.0,4049.0,44,5220,20,10,7,15,-92,20,2,off,2.302,2.428,2.556,ac:ed:5c:47:06:cb,-49.0,1.0,1.0,65.0,52.0,7946.0,18636.0,7.0
2025-08-13 19:17:23,RUN_20250813_191658_228,TCP,8,,,117615903.30039461,0.0,,68:54:5a:e2:f2:c0,138949231.0,111159384.0,36,5180,80,17,31,63,-92,27,2,on,0.953,1.285,2.182,68:54:5a:e2:f2:c0,-46.0,0.0,0.0,292.5,585.0,6618.0,17446.0,7.0,UDP,1,5M,,4999614.403084775,6.95088044485635,3.0946293937794174,ac:ed:5c:47:06:cb,6435859.0,5148687.0,36,5180,80,10,63,127,-92,40,1,on,1.07,1.472,1.887,ac:ed:5c:47:06:cb,-45.0,0.0,0.0,6.0,48.0,5727.0,12479.0,
2025-08-13 19:17:56,RUN_20250813_191731_229,TCP,1,,,195870294.8514273,0.0,,68:54:5a:e2:f2:c0,255437558.0,204350046.0,44,5220,80,10,63,127,-92,25,2,on,1.006,1.9,2.891,68:54:5a:e2:f2:c0,-43.0,0.0,0.0,292.5,526.6,5545.0,14691.0,7.0,UDP,1,10M,,9999228.80616955,14.388322520852642,0.12469864513007332,ac:ed:5c:47:06:cb,12866507.0,10293205.0,40,5200,20,23,31,63,-92,32,1,off,1.038,1.657,2.173,ac:ed:5c:47:06:cb,-49.0,1.0,1.0,65.0,26.0,4800.0,13052.0,7.0
2025-08-13 19:19:41,RUN_20250813_191913_232,UDP,1,200M,,56868881.9358327,0.0,0.29230588384936623,68:54:5a:e2:f2:c0,73153444.0,58522755.0,36,5180,20,23,7,15,-92,34,1,off,1.916,2.516,3.116,68:54:5a:e2:f2:c0,-43.0,0.0,0.0,65.0,104.0,5678.0,10814.0,7.0,UDP,1,400M,,78919994.3480458,46.426631830791585,2.6614483312636836,ac:ed:5c:47:06:cb,101517980.0,81214384.0,48,5240,20,23,7,15,-92,32,2,on,1.179,1.647,2.115,ac:ed:5c:47:06:cb,-48.0,0.0,0.0,65.0,36.0,5024.0,9794.0,7.0
2025-08-13 19:20:15,RUN_20250813_191948_233,UDP,1,400M,,77253085.70062298,0.06147848253111411,0.3552825377027604,68:54:5a:e2:f2:c0,99372505.0,79498004.0,36,5180,40,23,7,15,-92,35,2,on,1.397,1.615,2.156,68:54:5a:e2:f2:c0,-44.0,0.0,0.0,135.0,216.0,4941.0,9938.0,7.0,TCP,1,,512K,67055502.839516215,0.0,,ac:ed:5c:47:06:cb,88003634.0,70402907.0,36,5180,40,17,7,15,-92,50,1,off,1.181,1.524,2.202,ac:ed:5c:47:06:cb,-44.0,0.0,0.0,135.0,6.0,598.0,1237.0,7.0
2025-08-13 19:20:48,RUN_20250813_192022_234,TCP,1,,2M,85982260.40045747,0.0,,68:54:5a:e2:f2:c0,109164532.0,87331625.0,44,5220,40,17,63,127,-90,32,1,off,3.071,3.071,3.071,68:54:5a:e2:f2:c0,-48.0,1.0,1.0,6.0,216.0,4928.0,7987.0,13.0,UDP,1,50M,,49795737.45452662,4.9526601065438385,0.0295639639314217,ac:ed:5c:47:06:cb,64056021.0,51244816.0,44,5220,80,23,7,15,-92,38,2,off,1.746,1.885,2.025,,,,,,,,,
2025-08-13 19:21:57,RUN_20250813_192130_236,UDP,1,50M,,49996144.03084775,0.0,0.11591298926857281,68:54:5a:e2:f2:c0,64312734.0,51450187.0,44,5220,40,17,63,127,-90,32,1,off,,,,68:54:5a:e2:f2:c0,-47.0,0.0,0.0,135.0,108.0,1811.0,3178.0,7.0,UDP,1,10M,,9999223.806597644,11.10982391102873,0.19000116800426847,ac:ed:5c:47:06:cb,12868639.0,10294911.0,44,5220,20,17,31,63,-92,19,1,on,,,,ac:ed:5c:47:06:cb,-49.0,0.0,0.0,65.0,24.0,4455.0,5552.0,7.0
2025-08-13 19:22:30,RUN_20250813_192205_237,UDP,1,5M,,4999615.902957547,0.0,3.583375846896617,68:54:5a:e2:f2:c0,6435210.0,5148168.0,44,5220,20,10,31,63,-90,32,1,on,1.208,1.208,1.208,68:54:5a:e2:f2:c0,-47.0,0.0,0.0,6.0,52.0,505.0,964.0,11.0,TCP,4,,,52827081.93668231,0.0,,ac:ed:5c:47:06:cb,63250105.0,50600084.0,44,5220,20,23,31,63,-92,19,1,on,,,,ac:ed:5c:47:06:cb,-49.0,0.0,0.0,6.0,6.0,505.0,1008.0,
2025-08-13 19:23:38,RUN_20250813_192312_239,UDP,1,100M,,57407533.68048393,0.0,0.39916082637921185,68:54:5a:e2:f2:c0,73847002.0,59077601.0,40,5200,20,10,31,63,-90,32,2,on,1.1,1.728,2.053,,,,,,,,,,TCP,8,,,43929445.29604474,0.0,,ac:ed:5c:47:06:cb,53803725.0,43042980.0,48,5240,20,10,31,63,-91,13,2,off,2.191,2.257,2.324,,,,,,,,,
2025-08-13 19:24:14,RUN_20250813_192345_240,TCP,16,,,218451468.24873427,0.0,,68:54:5a:e2:f2:c0,269100524.0,215280419.0,44,5220,80,23,7,15,-90,32,1,on,1.59,2.051,3.259,68:54:5a:e2:f2:c0,-58.0,631.0,631.0,390.0,866.7,269101264.0,1076398.0,9.0,TCP,1,,2M,136952755.40551716,0.0,,ac:ed:5c:47:06:cb,177708244.0,142166595.0,36,5180,80,17,7,15,-91,39,1,on,1.147,1.626,1.952,,,,,,,,,
2025-08-13 19:24:45,RUN_20250813_192421_241,UDP,1,100M,,56784319.403876714,0.0,0.423118898979119,68:54:5a:e2:f2:c0,73046944.0,58437555.0,36,5180,20,17,31,63,-92,34,1,off,0.912,1.757,2.126,68:54:5a:e2:f2:c0,-43.0,28.0,28.0,65.0,130.0,73047586.0,15785.0,7.0,TCP,1,,2M,53823170.98719167,0.0,,ac:ed:5c:47:06:cb,68721142.0,54976913.0,48,5240,20,17,63,127,-92,30,1,off,1.119,1.912,2.262,ac:ed:5c:47:06:cb,-47.0,293.0,295.0,6.0,144.4,68721548.0,330032.0,15.0
2025-08-13 19:25:19,RUN_20250813_192453_242,UDP,1,5M,,4999615.4029998565,0.0,0.20864459415508216,68:54:5a:e2:f2:c0,6438676.0,5150940.0,44,5220,80,17,63,127,-86,32,1,off,1.365,1.543,1.719,68:54:5a:e2:f2:c0,-46.0,191.0,191.0,390.0,702.0,6439318.0,19040.0,9.0,TCP,1,,2M,95211587.2836194,0.0,,ac:ed:5c:47:06:cb,123046536.0,98437228.0,44,5220,40,23,63,127,-92,30,1,off,1.787,1.987,2.493,ac:ed:5c:47:06:cb,-48.0,744.0,744.0,6.0,6.0,123047784.0,418145.0,
2025-08-13 19:25:53,RUN_20250813_192526_243,TCP,1,,,276191769.8138241,0.0,,68:54:5a:e2:f2:c0,358759830.0,287007864.0,44,5220,80,17,15,31,-86,32,1,off,0.979,1.35,1.57,68:54:5a:e2:f2:c0,-58.0,1676.0,1676.0,390.0,866.7,358761270.0,450162.0,9.0,TCP,1,,2M,35422104.33980536,0.0,,ac:ed:5c:47:06:cb,44239440.0,35391552.0,36,5180,20,17,63,127,-91,41,2,off,1.139,1.2,1.357,ac:ed:5c:47:06:cb,-44.0,1190.0,1190.0,6.0,6.0,44240282.0,231989.0,
2025-08-13 19:26:26,RUN_20250813_192600_244,TCP,1,,4M,171964469.21215713,0.0,,68:54:5a:e2:f2:c0,182101327.0,145681061.0,44,5220,80,10,63,127,-86,32,1,on,1.642,1.702,1.798,68:54:5a:e2:f2:c0,-58.0,4555.0,4555.0,390.0,866.7,182102821.0,242122.0,9.0,UDP,1,10M,,9999228.80616955,3.1626506024096384,0.12206766392099348,ac:ed:5c:47:06:cb,12869810.0,10295848.0,36,5180,40,23,63,127,-91,34,2,off,1.403,1.785,1.941,ac:ed:5c:47:06:cb,-44.0,572.0,572.0,6.0,6.0,12870216.0,20179.0,
2025-08-13 19:26:58,RUN_20250813_192634_245,TCP,16,,,85954247.3183171,0.0,,68:54:5a:e2:f2:c0,88840365.0,71072292.0,44,5220,80,10,31,63,-86,32,2,on,1.62,1.727,1.796,68:54:5a:e2:f2:c0,-58.0,1416.0,1416.0,292.5,866.7,88841919.0,433909.0,7.0,TCP,1,,,76020642.4965553,0.0,,ac:ed:5c:47:06:cb,96154204.0,76923363.0,36,5180,40,17,63,127,-91,33,1,off,1.177,1.3,1.547,ac:ed:5c:47:06:cb,-47.0,2111.0,2111.0,6.0,270.0,96154610.0,324446.0,14.0
2025-08-13 19:27:32,RUN_20250813_192705_246,UDP,1,50M,,49996149.030422665,22.57182576459685,0.027606612907998356,68:54:5a:e2:f2:c0,38778995.0,31023196.0,36,5180,80,10,63,127,-92,10,1,on,1.619,1.695,1.822,68:54:5a:e2:f2:c0,-46.0,656.0,656.0,390.0,702.0,38780531.0,20711.0,9.0,TCP,16,,,43999001.21148607,0.0,,ac:ed:5c:47:06:cb,53103078.0,42482462.0,48,5240,20,23,63,127,-92,32,2,on,1.103,1.601,1.869,ac:ed:5c:47:06:cb,-48.0,1164.0,1164.0,65.0,6.0,53103138.0,1281439.0,7.0
2025-08-13 19:28:39,RUN_20250813_192813_248,TCP,1,,,72245831.61085847,0.0,,68:54:5a:e2:f2:c0,80364980.0,64291984.0,44,5220,40,10,31,63,-91,9,2,off,1.871,1.974,2.107,68:54:5a:e2:f2:c0,-58.0,152.0,152.0,135.0,300.0,80366474.0,138505.0,7.0,UDP,1,50M,,46750328.52233897,12.17602458000892,0.02690176400927735,ac:ed:5c:47:06:cb,2261826.0,1809460.0,36,5180,40,17,31,63,-91,11,1,off,1.65,1.972,2.215,ac:ed:5c:47:06:cb,-44.0,1.0,1.0,135.0,6.0,2264012.0,18480.0,7.0
2025-08-13 19:31:24,RUN_20250813_193108_253,TCP,1,,4M,41942440.22310481,0.0,,68:54:5a:e2:f2:c0,48599801.0,38879840.0,44,5220,20,10,63,127,-91,41,2,on,2.0,21.531,57.103,68:54:5a:e2:f2:c0,-58.0,84.0,84.0,65.0,144.4,48600247.0,114777.0,7.0,TCP,1,,512K,42607791.592734165,0.0,,ac:ed:5c:47:06:cb,55249989.0,44199991.0,44,5220,80,17,15,31,-92,15,2,off,2.192,2.861,4.555,ac:ed:5c:47:06:cb,-49.0,0.0,0.0,292.5,24.0,4168.0,6456.0,7.0
2025-08-13 19:33:05,RUN_20250813_193237_256,TCP,2,,,34484505.87721898,0.0,,68:54:5a:e2:f2:c0,41399462.0,33119569.0,44,5220,20,10,31,63,-92,20,2,off,1.949,2.616,4.556,68:54:5a:e2:f2:c0,-47.0,1.0,1.0,65.0,117.0,5218.0,14165.0,7.0,TCP,4,,,52010719.3030753,0.0,,ac:ed:5c:47:06:cb,62064587.0,49651669.0,44,5220,40,10,31,63,-92,15,2,off,1.078,1.102,1.143,,,,,,,,,
2025-08-13 19:34:09,RUN_20250813_193345_258,UDP,1,5M,,4999615.902957547,0.0,2.6265500900630863,68:54:5a:e2:f2:c0,6435539.0,5148431.0,36,5180,80,23,63,127,-92,33,2,off,0.934,1.451,2.35,68:54:5a:e2:f2:c0,-46.0,0.0,0.0,292.5,526.6,4867.0,13506.0,7.0,UDP,1,400M,,115872678.20584218,21.82467084545482,0.058395529496399215,ac:ed:5c:47:06:cb,149052189.0,119241751.0,36,5180,40,17,7,15,-91,32,2,off,1.137,1.445,1.789,ac:ed:5c:47:06:cb,-44.0,487.0,490.0,6.0,6.0,149053001.0,22136.0,
2025-08-13 19:35:18,RUN_20250813_193451_260,TCP,4,,,86774624.60734257,0.0,,68:54:5a:e2:f2:c0,106939936.0,85551948.0,36,5180,40,23,7,15,-91,45,1,on,,,,68:54:5a:e2:f2:c0,-44.0,0.0,0.0,135.0,162.0,4947.0,6669.0,7.0,UDP,1,100M,,99991149.66903257,15.983734751329372,1.0634889480729792,ac:ed:5c:47:06:cb,128623586.0,102898868.0,44,5220,80,17,31,63,-92,30,2,on,2.126,2.126,2.126,ac:ed:5c:47:06:cb,-49.0,3032.0,3032.0,292.5,6.0,128623586.0,21514.0,7.0
2025-08-13 19:36:26,RUN_20250813_193559_262,UDP,1,10M,,9999229.80608453,0.0,0.20737374243623463,68:54:5a:e2:f2:c0,12866034.0,10292827.0,36,5180,40,17,15,31,-92,12,1,on,,,,68:54:5a:e2:f2:c0,-41.0,0.0,0.0,135.0,6.0,734.0,1583.0,7.0,UDP,1,50M,,49996134.03170094,6.23725671918443,0.2991546070866526,ac:ed:5c:47:06:cb,64316458.0,51453166.0,44,5220,20,10,63,127,-92,30,1,off,,,,ac:ed:5c:47:06:cb,-49.0,440.0,440.0,6.0,6.0,64317270.0,21869.0,
2025-08-13 19:36:59,RUN_20250813_193633_263,TCP,8,,,102505514.1799699,0.0,,68:54:5a:e2:f2:c0,127163276.0,101730620.0,36,5180,40,10,7,15,-92,22,1,off,2.111,2.111,2.111,68:54:5a:e2:f2:c0,-44.0,0.0,0.0,135.0,108.0,636.0,1609.0,7.0,TCP,4,,,113223244.34965117,0.0,,ac:ed:5c:47:06:cb,140573446.0,112458756.0,44,5220,40,23,31,63,-92,30,1,off,2.298,2.298,2.298,ac:ed:5c:47:06:cb,-47.0,379.0,379.0,6.0,300.0,140574258.0,1294470.0,15.0
2025-08-13 19:38:08,RUN_20250813_193742_265,TCP,16,,,304059647.18879825,0.0,,68:54:5a:e2:f2:c0,386205031.0,308964024.0,44,5220,80,10,31,63,-88,19,1,on,1.268,1.513,1.781,,,,,,,,,,UDP,1,5M,,4999613.403170094,5.72289156626506,0.0857918943454724,ac:ed:5c:47:06:cb,6439139.0,5151311.0,36,5180,80,23,63,127,-91,31,2,off,1.246,1.313,1.381,ac:ed:5c:47:06:cb,-43.0,83.0,83.0,6.0,6.0,6439737.0,23541.0,
2025-08-13 19:38:42,RUN_20250813_193816_266,UDP,1,10M,,9999230.805999713,0.0,0.3226574315046221,68:54:5a:e2:f2:c0,12867981.0,10294384.0,36,5180,20,17,31,63,-92,19,1,on,0.951,1.82,2.202,68:54:5a:e2:f2:c0,-43.0,46.0,46.0,65.0,104.0,12868721.0,9061.0,7.0,TCP,8,,,100695058.6678136,0.0,,ac:ed:5c:47:06:cb,126561462.0,101249169.0,44,5220,40,23,7,15,-92,28,1,on,2.204,2.242,2.317,ac:ed:5c:47:06:cb,-46.0,0.0,0.0,6.0,300.0,126561868.0,1620535.0,15.0
2025-08-13 19:39:14,RUN_20250813_193849_267,UDP,1,50M,,49996154.02999856,0.0,0.0658321967104798,68:54:5a:e2:f2:c0,64315530.0,51452424.0,36,5180,80,17,7,15,-91,19,1,on,0.979,1.099,1.237,68:54:5a:e2:f2:c0,-45.0,239.0,239.0,135.0,243.0,64316270.0,18400.0,7.0,TCP,1,,2M,104959135.50719173,0.0,,ac:ed:5c:47:06:cb,135712008.0,108569606.0,44,5220,40,17,31,63,-92,28,2,on,1.067,1.395,2.197,ac:ed:5c:47:06:cb,-46.0,1578.0,1582.0,6.0,300.0,135712414.0,459722.0,15.0
2025-08-13 19:39:48,RUN_20250813_193921_268,TCP,1,,512K,141433278.0906132,0.0,,68:54:5a:e2:f2:c0,184600781.0,147680624.0,44,5220,80,17,63,127,-91,18,2,off,0.848,1.382,1.66,68:54:5a:e2:f2:c0,-58.0,171.0,171.0,292.5,866.7,184601521.0,225789.0,7.0,UDP,1,400M,,117143386.10989529,46.384708185827584,0.09649673789577264,ac:ed:5c:47:06:cb,150687305.0,120549844.0,44,5220,40,10,63,127,-92,28,2,on,1.933,1.966,2.023,ac:ed:5c:47:06:cb,-49.0,303.0,303.0,6.0,6.0,150687711.0,20376.0,
2025-08-13 19:40:21,RUN_20250813_193955_269,TCP,4,,,40505319.14042563,0.0,,68:54:5a:e2:f2:c0,48515664.0,38812531.0,36,5180,20,23,15,31,-92,21,2,off,0.902,0.992,1.118,68:54:5a:e2:f2:c0,-54.0,5.0,5.0,65.0,144.4,48516620.0,300477.0,7.0,TCP,1,,512K,18159895.393966593,0.0,,ac:ed:5c:47:06:cb,23198728.0,18558982.0,36,5180,20,17,7,15,-92,31,1,on,1.098,1.33,1.602,ac:ed:5c:47:06:cb,-44.0,0.0,0.0,6.0,6.0,23199134.0,132201.0,
2025-08-13 19:40:55,RUN_20250813_194028_270,UDP,1,100M,,72510626.31498948,0.03834110805802288,0.391416771107123,68:54:5a:e2:f2:c0,93274484.0,74619587.0,36,5180,40,17,31,63,-92,25,1,off,1.964,2.0,2.084,68:54:5a:e2:f2:c0,-45.0,13.0,13.0,135.0,270.0,93275284.0,20343.0,7.0,TCP,16,,,79618209.3051302,0.0,,ac:ed:5c:47:06:cb,94052413.0,75241930.0,36,5180,40,17,31,63,-91,33,1,on,1.351,2.043,2.349,ac:ed:5c:47:06:cb,-47.0,0.0,0.0,6.0,300.0,94052819.0,1786264.0,15.0
2025-08-13 19:41:27,RUN_20250813_194102_271,UDP,1,10M,,9999229.80608453,0.0,0.32793283971025,68:54:5a:e2:f2:c0,12868774.0,10295019.0,36,5180,20,10,31,63,-92,23,1,off,1.953,2.0,2.115,68:54:5a:e2:f2:c0,-43.0,440.0,440.0,65.0,144.4,12869514.0,19293.0,7.0,UDP,1,50M,,49996124.03255813,10.572289156626505,0.0733775424211261,ac:ed:5c:47:06:cb,64316220.0,51452976.0,44,5220,80,17,31,63,-92,31,1,on,1.249,1.962,2.223,ac:ed:5c:47:06:cb,-45.0,454.0,454.0,6.0,234.0,64316680.0,20909.0,3.0
2025-08-13 19:42:35,RUN_20250813_194208_273,TCP,16,,,44239879.28156934,0.0,,68:54:5a:e2:f2:c0,50715279.0,40572223.0,40,5200,20,23,7,15,-92,25,2,off,1.956,2.04,2.122,68:54:5a:e2:f2:c0,-52.0,328.0,328.0,65.0,144.4,50716157.0,1012919.0,7.0,TCP,1,,,43779982.9482285,0.0,,ac:ed:5c:47:06:cb,55004128.0,44003302.0,36,5180,80,10,7,15,-91,35,2,on,2.064,2.103,2.127,ac:ed:5c:47:06:cb,-44.0,217.0,217.0,6.0,6.0,55004878.0,202298.0,
2025-08-13 19:43:06,RUN_20250813_194242_274,UDP,1,10M,,9999231.805915095,0.0,0.3128543487361004,68:54:5a:e2:f2:c0,12868496.0,10294796.0,36,5180,40,23,15,31,-92,8,2,off,0.885,0.937,1.03,68:54:5a:e2:f2:c0,-45.0,437.0,437.0,135.0,270.0,12869672.0,20004.0,7.0,UDP,1,10M,,9999229.80608453,7.669138090824838,0.08519598869453757,ac:ed:5c:47:06:cb,12870245.0,10296196.0,44,5220,20,23,31,63,-92,33,2,off,1.087,1.197,1.409,ac:ed:5c:47:06:cb,-48.0,95.0,95.0,6.0,6.0,12871087.0,22448.0,
2025-08-13 19:43:40,RUN_20250813_194314_275,TCP,2,,,41961197.63247859,0.0,,68:54:5a:e2:f2:c0,50627206.0,40501764.0,44,5220,20,23,31,63,-92,7,2,off,1.936,2.039,2.196,68:54:5a:e2:f2:c0,-58.0,169.0,169.0,65.0,144.4,50628006.0,172749.0,7.0,TCP,1,,1M,34744625.71556627,0.0,,ac:ed:5c:47:06:cb,44260703.0,35408562.0,44,5220,80,10,63,127,-92,33,2,off,2.084,2.179,2.33,ac:ed:5c:47:06:cb,-47.0,48.0,48.0,6.0,300.0,44261683.0,164309.0,15.0
2025-08-13 19:44:12,RUN_20250813_194348_276,TCP,4,,,57004467.387352355,0.0,,68:54:5a:e2:f2:c0,68297854.0,54638283.0,36,5180,20,10,7,15,-92,21,1,off,1.828,1.945,2.094,68:54:5a:e2:f2:c0,-54.0,84.0,84.0,65.0,144.4,68298594.0,439652.0,7.0,UDP,1,5M,,4999613.403170094,1.1584800741427248,2.6473229852402524,ac:ed:5c:47:06:cb,6438628.0,5150902.0,36,5180,80,17,15,31,-92,39,2,off,1.023,1.071,1.18,ac:ed:5c:47:06:cb,-48.0,80.0,80.0,292.5,585.0,6438688.0,20652.0,7.0
2025-08-13 19:44:46,RUN_20250813_194420_277,UDP,1,200M,,152101321.57929522,2.10351550600134,0.016746551741538957,68:54:5a:e2:f2:c0,195648576.0,156518860.0,44,5220,80,17,31,63,-92,19,2,on,1.462,1.597,1.789,68:54:5a:e2:f2:c0,-46.0,361.0,361.0,292.5,780.0,195650228.0,24416.0,7.0,UDP,1,400M,,196344775.03462988,27.835890900723907,0.025673149713540608,ac:ed:5c:47:06:cb,252559736.0,202047788.0,36,5180,80,10,31,63,-91,36,1,on,1.815,1.901,2.129,ac:ed:5c:47:06:cb,-48.0,649.0,649.0,390.0,234.0,252559736.0,19852.0,9.0
2025-08-13 19:45:20,RUN_20250813_194453_278,UDP,1,200M,,166462739.01178294,0.9603273463650218,0.08618298070244533,68:54:5a:e2:f2:c0,214121427.0,171297141.0,36,5180,80,23,31,63,-92,24,1,on,1.641,1.692,1.779,68:54:5a:e2:f2:c0,-45.0,2062.0,2062.0,390.0,702.0,214122167.0,18981.0,9.0,TCP,16,,,64742179.671190046,0.0,,ac:ed:5c:47:06:cb,77717339.0,62173871.0,44,5220,40,10,63,127,-90,32,1,on,1.392,1.85,2.029,ac:ed:5c:47:06:cb,-46.0,2981.0,2981.0,6.0,300.0,77717901.0,1473728.0,15.0
2025-08-13 19:45:52,RUN_20250813_194527_279,TCP,1,,512K,41973855.87843742,0.0,,68:54:5a:e2:f2:c0,54458325.0,43566660.0,44,5220,20,10,15,31,-92,18,1,on,2.028,2.137,2.458,68:54:5a:e2:f2:c0,-58.0,164.0,164.0,65.0,144.4,54459125.0,126179.0,7.0,UDP,1,200M,,77490540.32662335,16.066970625607293,0.17402713745609477,ac:ed:5c:47:06:cb,99681507.0,79745205.0,44,5220,80,23,15,31,-90,32,2,off,2.234,2.28,2.358,ac:ed:5c:47:06:cb,-49.0,195.0,195.0,6.0,6.0,99682427.0,20503.0,
2025-08-13 19:48:06,RUN_20250813_194740_283,TCP,1,,4M,112196420.278661,0.0,,68:54:5a:e2:f2:c0,140437871.0,112350296.0,36,5180,80,10,15,31,-91,32,1,on,0.881,1.478,2.165,68:54:5a:e2:f2:c0,-45.0,1534.0,1534.0,135.0,300.0,140438611.0,230105.0,7.0,UDP,1,400M,,105470317.8374573,29.699392634735144,0.10449136276466707,ac:ed:5c:47:06:cb,135671471.0,108537176.0,44,5220,80,10,63,127,-90,32,1,off,1.287,2.076,2.36,ac:ed:5c:47:06:cb,-49.0,2546.0,2588.0,6.0,6.0,135671931.0,22596.0,
2025-08-13 19:49:12,RUN_20250813_194847_285,TCP,8,,,52671689.5276708,0.0,,68:54:5a:e2:f2:c0,58959057.0,47167245.0,36,5180,20,17,7,15,-92,37,2,off,0.754,0.92,1.083,68:54:5a:e2:f2:c0,-54.0,86.0,86.0,65.0,144.4,58960233.0,737859.0,7.0,UDP,1,400M,,75320852.1048423,21.08055734982006,0.12240362355801,ac:ed:5c:47:06:cb,37595381.0,30076304.0,36,5180,80,17,31,63,-92,49,1,off,1.689,1.76,1.88,ac:ed:5c:47:06:cb,-48.0,103.0,103.0,390.0,351.0,37598809.0,19357.0,9.0
2025-08-13 19:50:18,RUN_20250813_194952_287,TCP,1,,4M,48233463.8038746,0.0,,68:54:5a:e2:f2:c0,58137920.0,46510336.0,40,5200,20,23,15,31,-92,35,1,off,0.88,0.937,1.053,68:54:5a:e2:f2:c0,-55.0,721.0,721.0,65.0,144.4,58139096.0,138226.0,7.0,UDP,1,200M,,174982552.97153282,0.0,0.14599724875034795,ac:ed:5c:47:06:cb,5578.0,4462.0,36,5180,80,10,63,127,-90,40,1,off,2.044,2.069,2.094,ac:ed:5c:47:06:cb,-45.0,5.0,5.0,6.0,6.0,7838.0,20085.0,
2025-08-13 19:50:51,RUN_20250813_195026_288,UDP,1,400M,,61261500.034149736,0.173962371182755,0.09319979734894557,68:54:5a:e2:f2:c0,78805433.0,63044346.0,36,5180,40,17,7,15,-91,42,2,off,1.617,1.84,2.095,68:54:5a:e2:f2:c0,-45.0,2610.0,2610.0,135.0,270.0,78806669.0,21280.0,7.0,TCP,16,,,156352171.4836308,0.0,,ac:ed:5c:47:06:cb,14940698.0,11952558.0,44,5220,80,23,63,127,-92,38,1,on,2.0,2.11,2.208,ac:ed:5c:47:06:cb,-50.0,0.0,0.0,390.0,866.7,14942958.0,104637.0,9.0
2025-08-13 19:51:24,RUN_20250813_195059_289,TCP,1,,2M,113244860.3861614,0.0,,68:54:5a:e2:f2:c0,144526672.0,115621337.0,36,5180,40,10,15,31,-91,35,2,on,0.965,1.016,1.105,68:54:5a:e2:f2:c0,-55.0,3.0,3.0,135.0,300.0,144527412.0,230936.0,7.0,TCP,8,,,44156325.436262846,0.0,,ac:ed:5c:47:06:cb,164556.0,131644.0,48,5240,20,23,15,31,-92,38,1,off,1.107,1.141,1.207,ac:ed:5c:47:06:cb,-48.0,2.0,2.0,65.0,6.0,166854.0,25475.0,7.0
2025-08-13 19:53:37,RUN_20250813_195315_293,UDP,1,50M,,49996144.03084775,0.027803521779425393,0.0268321765329521,68:54:5a:e2:f2:c0,64315950.0,51452760.0,44,5220,40,10,31,63,-92,50,2,on,0.966,1.035,1.134,68:54:5a:e2:f2:c0,-46.0,7.0,7.0,135.0,270.0,64316690.0,19784.0,7.0,UDP,1,100M,,71412457.61784753,23.455748767194393,0.504984938553044,ac:ed:5c:47:06:cb,91860347.0,73488277.0,44,5220,40,23,63,127,-92,50,2,off,1.301,2.126,2.47,ac:ed:5c:47:06:cb,-48.0,0.0,0.0,6.0,24.0,4497.0,13695.0,
2025-08-13 19:54:10,RUN_20250813_195345_294,TCP,16,,,35220715.26313074,0.0,,68:54:5a:e2:f2:c0,26499307.0,21199445.0,44,5220,80,23,63,127,-92,50,2,off,1.476,1.541,1.657,68:54:5a:e2:f2:c0,-58.0,268.0,268.0,292.5,866.7,26501957.0,144952.0,7.0,UDP,1,200M,,92422176.89593177,58.8431409412797,0.7763597634888092,ac:ed:5c:47:06:cb,118884966.0,95107972.0,48,5240,20,17,63,127,-92,50,2,off,1.616,1.688,1.783,ac:ed:5c:47:06:cb,-46.0,1.0,1.0,65.0,24.0,4484.0,6636.0,7.0
2025-08-13 19:54:43,RUN_20250813_195418_295,TCP,1,,4M,23066178.546099167,0.0,,68:54:5a:e2:f2:c0,24651.0,19720.0,40,5200,20,17,15,31,-92,50,1,on,1.006,1.073,1.233,68:54:5a:e2:f2:c0,-47.0,0.0,0.0,65.0,130.0,26351.0,18104.0,7.0,UDP,1,5M,,4999615.902957547,0.0,0.12985173284996276,ac:ed:5c:47:06:cb,6436277.0,5149021.0,44,5220,20,17,31,63,-92,50,1,off,2.283,2.338,2.442,,,,,,,,,
2025-08-13 19:55:16,RUN_20250813_195450_296,TCP,1,,2M,30405474.93856153,0.0,,68:54:5a:e2:f2:c0,25076.0,20060.0,36,5180,40,23,63,127,-92,39,2,on,2.048,2.333,3.049,68:54:5a:e2:f2:c0,-44.0,0.0,0.0,135.0,270.0,27853.0,19503.0,7.0,TCP,2,,,182449578.481112,0.0,,ac:ed:5c:47:06:cb,233500850.0,186800680.0,36,5180,80,23,63,127,-91,38,2,on,1.414,1.679,2.007,,,,,,,,,
2025-08-13 19:56:23,RUN_20250813_195558_298,UDP,1,400M,,212408177.89383075,0.0,0.137086181833188,68:54:5a:e2:f2:c0,5110.0,4088.0,44,5220,80,17,63,127,-92,31,2,off,0.86,1.413,1.692,68:54:5a:e2:f2:c0,-46.0,4.0,4.0,292.5,585.0,6822.0,17476.0,7.0,TCP,16,,,248999725.60329273,0.0,,ac:ed:5c:47:06:cb,309685836.0,247748668.0,44,5220,80,17,7,15,-92,31,1,on,1.796,1.865,1.981,ac:ed:5c:47:06:cb,-49.0,300.0,300.0,6.0,6.0,309686296.0,3463828.0,
2025-08-13 19:56:56,RUN_20250813_195630_299,TCP,1,,4M,71302319.50239792,0.0,,68:54:5a:e2:f2:c0,56568.0,45254.0,36,5180,40,17,63,127,-92,39,1,on,1.021,1.078,1.155,68:54:5a:e2:f2:c0,-44.0,12.0,12.0,135.0,270.0,58832.0,17850.0,7.0,TCP,16,,,100941926.4572183,0.0,,ac:ed:5c:47:06:cb,119164430.0,95331544.0,44,5220,80,23,7,15,-92,31,2,on,1.271,1.32,1.39,ac:ed:5c:47:06:cb,-49.0,524.0,524.0,6.0,6.0,119164890.0,1021964.0,
2025-08-13 19:57:30,RUN_20250813_195703_300,TCP,8,,,61300676.902351,0.0,,68:54:5a:e2:f2:c0,67498430.0,53998744.0,36,5180,40,10,63,127,-92,36,1,off,1.929,2.379,3.149,68:54:5a:e2:f2:c0,-44.0,0.0,0.0,135.0,270.0,6324.0,16631.0,7.0,TCP,8,,,169972931.50199473,0.0,,ac:ed:5c:47:06:cb,203516564.0,162813251.0,36,5180,80,23,7,15,-92,43,2,off,2.062,2.739,4.641,ac:ed:5c:47:06:cb,-50.0,258.0,258.0,6.0,866.7,203517484.0,1115488.0,9.0
2025-08-13 19:58:02,RUN_20250813_195737_301,UDP,1,400M,,106933376.0263294,0.020582372822601613,0.10519005154317897,68:54:5a:e2:f2:c0,137549583.0,110039666.0,36,5180,80,17,63,127,-92,34,2,off,0.918,1.24,2.187,68:54:5a:e2:f2:c0,-46.0,0.0,0.0,292.5,526.6,5522.0,14684.0,7.0,UDP,1,5M,,4999613.903127384,3.66079703429101,0.142391253456363,ac:ed:5c:47:06:cb,6438862.0,5151089.0,36,5180,40,17,63,127,-92,36,1,on,1.034,1.079,1.131,ac:ed:5c:47:06:cb,-44.0,0.0,0.0,135.0,6.0,6439298.0,20842.0,7.0
2025-08-13 19:58:38,RUN_20250813_195809_302,TCP,16,,,120552819.43129882,0.0,,68:54:5a:e2:f2:c0,141065249.0,112852199.0,44,5220,40,23,31,63,-92,32,1,off,1.98,2.164,2.349,68:54:5a:e2:f2:c0,-48.0,1.0,1.0,135.0,243.0,5598.0,12189.0,7.0,TCP,2,,,45481476.918597,0.0,,ac:ed:5c:47:06:cb,57432631.0,45946104.0,36,5180,20,17,15,31,-92,32,1,off,2.018,2.379,3.077,ac:ed:5c:47:06:cb,-50.0,32.0,32.0,6.0,6.0,57433503.0,382469.0,
2025-08-13 19:59:09,RUN_20250813_195845_303,TCP,8,,,124339709.14889316,0.0,,68:54:5a:e2:f2:c0,142035426.0,113628340.0,36,5180,40,17,7,15,-92,42,2,on,2.002,15.081,54.247,68:54:5a:e2:f2:c0,-44.0,0.0,0.0,135.0,216.0,4854.0,9102.0,7.0,TCP,4,,,111275804.98340368,0.0,,ac:ed:5c:47:06:cb,139859444.0,111887555.0,44,5220,40,23,7,15,-91,30,2,off,1.091,1.679,3.395,ac:ed:5c:47:06:cb,-49.0,523.0,523.0,6.0,6.0,139860286.0,1321028.0,
2025-08-13 19:59:45,RUN_20250813_195917_304,UDP,1,10M,,9999230.805999713,0.0,0.40427232959991766,68:54:5a:e2:f2:c0,12866455.0,10293164.0,44,5220,40,23,31,63,-92,33,1,on,2.017,2.665,3.313,68:54:5a:e2:f2:c0,-49.0,0.0,0.0,135.0,243.0,5472.0,11547.0,7.0,TCP,8,,,28446672.963709075,0.0,,ac:ed:5c:47:06:cb,28839125.0,23071300.0,36,5180,80,17,15,31,-92,36,2,on,1.97,2.121,2.247,ac:ed:5c:47:06:cb,-50.0,504.0,504.0,6.0,866.7,28839585.0,339708.0,9.0
2025-08-13 20:00:19,RUN_20250813_195952_305,TCP,1,,4M,109049297.72178444,0.0,,68:54:5a:e2:f2:c0,137506659.0,110005327.0,44,5220,40,17,63,127,-92,33,1,on,,,,68:54:5a:e2:f2:c0,-47.0,1.0,1.0,135.0,162.0,4825.0,5579.0,7.0,UDP,1,400M,,149565268.7303013,36.43524327338631,0.5054440005982557,ac:ed:5c:47:06:cb,192388609.0,153910887.0,36,5180,40,23,63,127,-91,30,1,on,3.284,3.284,3.284,ac:ed:5c:47:06:cb,-44.0,1803.0,1803.0,6.0,6.0,192389935.0,24097.0,
2025-08-13 20:01:26,RUN_20250813_200100_307,UDP,1,10M,,9999230.805999713,0.04633920296570899,1.867070509318331,68:54:5a:e2:f2:c0,12866588.0,10293270.0,36,5180,80,10,31,63,-92,26,1,off,1.103,1.103,1.103,68:54:5a:e2:f2:c0,-42.0,0.0,0.0,390.0,6.0,1108.0,1623.0,9.0,TCP,1,,2M,135871779.90017518,0.0,,ac:ed:5c:47:06:cb,169927379.0,135941903.0,44,5220,80,10,7,15,-91,27,2,on,,,,ac:ed:5c:47:06:cb,-50.0,125.0,125.0,6.0,866.7,169929329.0,318325.0,9.0
2025-08-13 20:02:02,RUN_20250813_200133_308,UDP,1,5M,,4999615.4029998565,0.0,0.5110488515819563,68:54:5a:e2:f2:c0,6435256.0,5148204.0,44,5220,20,17,7,15,-92,20,2,on,2.184,2.184,2.184,68:54:5a:e2:f2:c0,-44.0,0.0,0.0,65.0,52.0,891.0,1229.0,7.0,TCP,1,,512K,101824475.27119179,0.0,,ac:ed:5c:47:06:cb,133100397.0,106480317.0,36,5180,40,17,31,63,-91,34,2,on,,,,ac:ed:5c:47:06:cb,-47.0,378.0,378.0,6.0,300.0,133100397.0,441396.0,15.0
2025-08-13 20:02:35,RUN_20250813_200209_309,TCP,4,,,80426537.7725485,0.0,,68:54:5a:e2:f2:c0,100030093.0,80024074.0,44,5220,80,17,31,63,-92,20,2,on,1.172,1.658,2.145,,,,,,,,,,TCP,16,,,94729330.57510003,0.0,,ac:ed:5c:47:06:cb,117513668.0,94010934.0,36,5180,40,10,31,63,-91,29,1,off,2.421,2.421,2.421,ac:ed:5c:47:06:cb,-44.0,698.0,698.0,6.0,6.0,117514074.0,2508221.0,
2025-08-13 20:03:09,RUN_20250813_200242_310,UDP,1,5M,,4694957.640338877,0.04934616333580064,7.504813524021383,68:54:5a:e2:f2:c0,6044325.0,4835460.0,44,5220,80,10,15,31,-92,20,2,on,1.505,1.599,1.767,,,,,,,,,,TCP,8,,,43847182.401910536,0.0,,ac:ed:5c:47:06:cb,53975007.0,43180005.0,44,5220,20,10,15,31,-92,26,2,on,2.589,2.65,2.711,ac:ed:5c:47:06:cb,-49.0,315.0,317.0,6.0,6.0,53975413.0,1020650.0,
2025-08-13 20:03:43,RUN_20250813_200316_311,TCP,16,,,119952669.57621895,0.0,,68:54:5a:e2:f2:c0,139848754.0,111879003.0,36,5180,40,23,15,31,-92,38,1,off,0.925,0.966,1.073,68:54:5a:e2:f2:c0,-44.0,932.0,932.0,135.0,300.0,139849494.0,2080842.0,7.0,UDP,1,10M,,9999228.80616955,9.12882298424467,0.06089949310997646,ac:ed:5c:47:06:cb,12870239.0,10296191.0,44,5220,80,17,63,127,-92,26,2,off,1.114,1.171,1.225,ac:ed:5c:47:06:cb,-47.0,2231.0,2239.0,6.0,54.0,12871159.0,23305.0,3.0
2025-08-13 20:04:16,RUN_20250813_200350_312,TCP,1,,1M,81121170.13718233,0.0,,68:54:5a:e2:f2:c0,104193663.0,83354930.0,36,5180,80,23,63,127,-92,37,1,on,1.979,2.035,2.138,68:54:5a:e2:f2:c0,-57.0,281.0,281.0,135.0,300.0,104194741.0,177340.0,7.0,UDP,1,200M,,87850027.61477633,36.701917244653075,0.2608333886071195,ac:ed:5c:47:06:cb,113006912.0,90405529.0,36,5180,40,10,31,63,-91,45,2,off,2.049,2.152,2.254,ac:ed:5c:47:06:cb,-44.0,600.0,600.0,135.0,6.0,113007348.0,19596.0,7.0
2025-08-13 20:04:50,RUN_20250813_200424_313,UDP,1,10M,,9999229.80608453,0.0,0.3656469365912366,68:54:5a:e2:f2:c0,12868704.0,10294963.0,48,5240,20,23,7,15,-92,33,1,off,0.934,1.0,1.104,68:54:5a:e2:f2:c0,-48.0,15.0,15.0,65.0,144.4,12869842.0,19541.0,7.0,TCP,1,,,89223539.04830164,0.0,,ac:ed:5c:47:06:cb,113753644.0,91002915.0,36,5180,80,10,31,63,-91,34,1,off,1.018,1.161,1.377,ac:ed:5c:47:06:cb,-45.0,1403.0,1403.0,6.0,6.0,113754564.0,389165.0,
2025-08-13 20:05:24,RUN_20250813_200457_314,UDP,1,50M,,41881621.135193035,0.011063476697552206,0.29380981709159587,68:54:5a:e2:f2:c0,53877624.0,43102099.0,48,5240,20,17,31,63,-92,33,1,off,1.905,1.993,2.07,68:54:5a:e2:f2:c0,-47.0,2332.0,2332.0,65.0,130.0,53878368.0,19718.0,7.0,UDP,1,100M,,81184607.41237625,14.538268363677872,0.03716703508347483,ac:ed:5c:47:06:cb,104434079.0,83547263.0,36,5180,80,17,7,15,-91,25,1,off,2.032,2.08,2.105,ac:ed:5c:47:06:cb,-45.0,1614.0,1614.0,6.0,6.0,104434999.0,21594.0,
2025-08-13 20:05:56,RUN_20250813_200531_315,TCP,1,,4M,41942230.514951065,0.0,,68:54:5a:e2:f2:c0,48803986.0,39043188.0,44,5220,20,23,15,31,-92,33,2,on,0.985,1.051,1.16,68:54:5a:e2:f2:c0,-58.0,252.0,252.0,65.0,144.4,48804688.0,114985.0,7.0,TCP,1,,,31939002.368570156,0.0,,ac:ed:5c:47:06:cb,39367491.0,31493992.0,44,5220,20,17,7,15,-91,23,1,off,1.218,1.27,1.348,ac:ed:5c:47:06:cb,-48.0,13.0,13.0,65.0,6.0,39368130.0,206728.0,7.0
2025-08-13 20:06:30,RUN_20250813_200603_316,UDP,1,400M,,103649327.60537915,0.04470422566693116,0.1117655622259133,68:54:5a:e2:f2:c0,133328064.0,106662451.0,44,5220,80,23,15,31,-92,33,1,on,2.076,2.201,2.476,68:54:5a:e2:f2:c0,-48.0,548.0,548.0,135.0,270.0,133328706.0,19947.0,7.0,UDP,1,5M,,4999613.903127384,3.6839666357738645,0.11439998216457058,ac:ed:5c:47:06:cb,6439260.0,5151408.0,44,5220,20,23,7,15,-91,23,1,on,2.21,2.297,2.458,ac:ed:5c:47:06:cb,-48.0,54.0,54.0,65.0,65.0,6439696.0,20017.0,7.0
2025-08-13 20:07:03,RUN_20250813_200637_317,TCP,16,,,89559328.5490646,0.0,,68:54:5a:e2:f2:c0,107500103.0,86000082.0,44,5220,40,10,7,15,-92,33,2,on,0.994,1.094,1.264,68:54:5a:e2:f2:c0,-58.0,169.0,169.0,135.0,300.0,107500805.0,1570708.0,7.0,TCP,1,,512K,30409818.0789835,0.0,,ac:ed:5c:47:06:cb,32731841.0,26185472.0,44,5220,40,10,31,63,-91,23,2,on,1.214,1.499,2.204,ac:ed:5c:47:06:cb,-49.0,190.0,190.0,135.0,6.0,32733659.0,126238.0,7.0
2025-08-13 20:07:35,RUN_20250813_200711_318,UDP,1,400M,,200811412.36005673,0.9795042485564138,0.03129484358956251,68:54:5a:e2:f2:c0,258303065.0,206642452.0,36,5180,80,17,31,63,-92,30,1,off,0.989,1.358,1.718,68:54:5a:e2:f2:c0,-46.0,1788.0,1788.0,390.0,702.0,258303707.0,22897.0,9.0,TCP,2,,,35383998.10082621,0.0,,ac:ed:5c:47:06:cb,43056123.0,34444898.0,48,5240,20,10,7,15,-91,23,2,on,1.188,1.861,2.655,ac:ed:5c:47:06:cb,-45.0,1307.0,1307.0,6.0,6.0,43056965.0,303308.0,
2025-08-13 20:08:09,RUN_20250813_200742_319,UDP,1,100M,,57038006.9997447,0.0,0.3867367014273551,68:54:5a:e2:f2:c0,73372884.0,58698307.0,48,5240,20,23,63,127,-91,22,1,on,1.022,1.086,1.164,68:54:5a:e2:f2:c0,-48.0,0.0,0.0,65.0,144.4,73373586.0,19550.0,7.0,UDP,1,400M,,78947708.8810783,35.60958431763825,0.5033382530184157,ac:ed:5c:47:06:cb,101556424.0,81245139.0,40,5200,20,17,31,63,-91,23,1,on,2.298,2.366,2.507,ac:ed:5c:47:06:cb,-48.0,596.0,600.0,6.0,6.0,101557266.0,22017.0,
2025-08-13 20:08:43,RUN_20250813_200816_320,UDP,1,10M,,9999229.80608453,0.0,1.79164503295151,68:54:5a:e2:f2:c0,12868989.0,10295191.0,36,5180,20,23,63,127,-92,27,1,off,1.94,2.002,2.112,68:54:5a:e2:f2:c0,-44.0,393.0,393.0,65.0,144.4,12869631.0,19910.0,7.0,TCP,1,,512K,137896763.514954,0.0,,ac:ed:5c:47:06:cb,179834990.0,143867992.0,44,5220,80,10,7,15,-91,23,2,off,1.172,1.266,1.329,ac:ed:5c:47:06:cb,-49.0,5577.0,5577.0,6.0,866.7,179835450.0,361647.0,9.0
2025-08-13 20:09:15,RUN_20250813_200850_321,TCP,8,,,202673419.6516222,0.0,,68:54:5a:e2:f2:c0,246738453.0,197390762.0,36,5180,80,23,31,63,-92,30,1,off,0.886,0.963,1.069,68:54:5a:e2:f2:c0,-58.0,196.0,196.0,390.0,866.7,246739311.0,569591.0,9.0,TCP,1,,,32261004.47643957,0.0,,ac:ed:5c:47:06:cb,40073647.0,32058917.0,36,5180,20,23,15,31,-92,28,1,on,1.704,1.761,1.853,ac:ed:5c:47:06:cb,-46.0,298.0,300.0,65.0,144.4,40073647.0,209717.0,7.0
2025-08-13 20:09:49,RUN_20250813_200922_322,TCP,2,,,45064337.90368934,0.0,,68:54:5a:e2:f2:c0,54113887.0,43291109.0,36,5180,20,23,15,31,-92,32,1,off,1.918,1.974,2.084,68:54:5a:e2:f2:c0,-55.0,202.0,202.0,65.0,144.4,54114529.0,195193.0,7.0,TCP,16,,,31653960.42519758,0.0,,ac:ed:5c:47:06:cb,36538725.0,29230980.0,36,5180,20,17,7,15,-92,30,1,off,1.077,1.106,1.158,ac:ed:5c:47:06:cb,-44.0,53.0,53.0,6.0,6.0,36539537.0,835687.0,
2025-08-13 20:10:21,RUN_20250813_200956_323,UDP,1,100M,,67505219.95824033,0.02059202059202059,0.5418536108409036,68:54:5a:e2:f2:c0,86836686.0,69469348.0,36,5180,40,17,15,31,-91,30,2,off,0.961,1.009,1.093,68:54:5a:e2:f2:c0,-44.0,1185.0,1185.0,135.0,270.0,86837388.0,18628.0,7.0,TCP,1,,,21504874.513793573,0.0,,ac:ed:5c:47:06:cb,26139808.0,20911846.0,40,5200,20,17,63,127,-90,28,1,off,2.115,2.156,2.236,ac:ed:5c:47:06:cb,-48.0,1691.0,1691.0,6.0,6.0,26140274.0,147970.0,
2025-08-13 20:10:54,RUN_20250813_201028_324,UDP,1,10M,,9999226.80634019,0.0,0.29714597662327114,68:54:5a:e2:f2:c0,12868029.0,10294423.0,44,5220,40,23,31,63,-92,29,2,on,1.626,1.807,2.194,68:54:5a:e2:f2:c0,-47.0,35.0,35.0,135.0,270.0,12868749.0,18884.0,7.0,UDP,1,5M,,4999613.903127384,2.8266913809082483,0.13590315974625308,ac:ed:5c:47:06:cb,6439229.0,5151383.0,36,5180,40,23,7,15,-91,7,1,on,1.733,2.193,2.52,ac:ed:5c:47:06:cb,-44.0,0.0,0.0,6.0,6.0,6440477.0,22926.0,
