timestamp,traffic_label,ap1_proto,ap1_streams,ap1_udp_rate,ap1_tcp_window,ap1_throughput_bps,ap1_loss_pct,ap1_jitter_ms,ap1_txd_client_mac,ap1_txd_tx_delta_bytes,ap1_txd_estimated_throughput_bps,ap1_wifi_channel,ap1_wifi_frequency_mhz,ap1_wifi_bandwidth_mhz,ap1_wifi_tx_power_dbm,ap1_wifi_cwmin,ap1_wifi_cwmax,ap1_wifi_noise_floor_dbm,ap1_wifi_channel_busy_percent,ap1_wifi_nss,ap1_wifi_rts_cts,ap1_wifi_latency_min_ms,ap1_wifi_latency_avg_ms,ap1_wifi_latency_max_ms,ap1_client_client_mac,ap1_client_signal_rssi_dbm,ap1_client_tx_retries,ap1_client_tx_failed,ap1_client_tx_bitrate_mbps,ap1_client_rx_bitrate_mbps,ap1_client_tx_bytes,ap1_client_rx_bytes,ap1_client_mcs_index,ap2_proto,ap2_streams,ap2_udp_rate,ap2_tcp_window,ap2_throughput_bps,ap2_loss_pct,ap2_jitter_ms,ap2_txd_client_mac,ap2_txd_tx_delta_bytes,ap2_txd_estimated_throughput_bps,ap2_wifi_channel,ap2_wifi_frequency_mhz,ap2_wifi_bandwidth_mhz,ap2_wifi_tx_power_dbm,ap2_wifi_cwmin,ap2_wifi_cwmax,ap2_wifi_noise_floor_dbm,ap2_wifi_channel_busy_percent,ap2_wifi_nss,ap2_wifi_rts_cts,ap2_wifi_latency_min_ms,ap2_wifi_latency_avg_ms,ap2_wifi_latency_max_ms,ap2_client_client_mac,ap2_client_signal_rssi_dbm,ap2_client_tx_retries,ap2_client_tx_failed,ap2_client_tx_bitrate_mbps,ap2_client_rx_bitrate_mbps,ap2_client_tx_bytes,ap2_client_rx_bytes,ap2_client_mcs_index
2025-08-14 13:34:35,RUN_20250814_133412_4,TCP,1,,1M,98940040.3557223,0.0,,68:54:5a:e2:f2:c0,45124.0,36099.0,44,5220,80,23,63,127,-91,2,1,off,1.009,1.391,1.53,68:54:5a:e2:f2:c0,-45.0,9.0,9.0,390.0,702.0,46878.0,19237.0,9.0,TCP,1,,1M,86246573.5123487,0.0,,ac:ed:5c:47:06:cb,111582340.0,89265872.0,44,5220,40,10,7,15,-92,2,2,on,1.343,1.9,2.704,ac:ed:5c:47:06:cb,-45.0,3.0,3.0,6.0,6.0,111582746.0,383676.0,
2025-08-14 13:35:09,RUN_20250814_133442_5,UDP,1,50M,,49996149.030422665,0.0,0.05451530801311965,68:54:5a:e2:f2:c0,5177.0,4141.0,48,5240,40,17,31,63,-91,2,2,on,0.967,1.79,2.176,68:54:5a:e2:f2:c0,-46.0,0.0,0.0,135.0,270.0,7517.0,18116.0,7.0,TCP,1,,2M,51529513.26910627,0.0,,ac:ed:5c:47:06:cb,43242646.0,34594116.0,36,5180,40,17,7,15,-92,21,1,on,1.736,2.274,2.603,ac:ed:5c:47:06:cb,-43.0,450.0,450.0,6.0,6.0,43244620.0,172729.0,
2025-08-14 13:36:49,RUN_20250814_133623_8,UDP,1,50M,,49996139.03127385,2.303058387395737,0.25264812674565085,68:54:5a:e2:f2:c0,64313038.0,51450430.0,36,5180,80,23,63,127,-91,38,2,off,0.867,1.517,2.75,68:54:5a:e2:f2:c0,-45.0,1.0,1.0,292.5,585.0,6267.0,15405.0,7.0,TCP,16,,,229027647.3267611,0.0,,ac:ed:5c:47:06:cb,283282801.0,226626240.0,48,5240,80,17,15,31,-88,17,1,on,0.983,1.392,2.08,ac:ed:5c:47:06:cb,-46.0,1.0,1.0,6.0,6.0,6637.0,17986.0,
2025-08-14 13:37:22,RUN_20250814_133656_9,TCP,1,,512K,104787554.15557306,0.0,,68:54:5a:e2:f2:c0,136765234.0,109412187.0,36,5180,40,23,15,31,-92,34,2,on,1.973,2.366,3.219,68:54:5a:e2:f2:c0,-45.0,0.0,0.0,135.0,270.0,6516.0,17672.0,7.0,TCP,4,,,89833838.69302604,0.0,,ac:ed:5c:47:06:cb,112967648.0,90374118.0,48,5240,40,23,31,63,-88,17,2,on,1.251,2.662,5.073,ac:ed:5c:47:06:cb,-46.0,0.0,0.0,135.0,27.0,6235.0,18079.0,7.0
2025-08-14 13:37:56,RUN_20250814_133729_10,UDP,1,10M,,9999229.80608453,0.0,0.7268853280069042,68:54:5a:e2:f2:c0,12866429.0,10293143.0,44,5220,20,23,31,63,-92,30,1,on,1.984,2.467,3.9,68:54:5a:e2:f2:c0,-46.0,0.0,0.0,65.0,130.0,5067.0,14973.0,7.0,TCP,2,,,87558448.52715077,0.0,,ac:ed:5c:47:06:cb,112899738.0,90319790.0,36,5180,40,10,7,15,-91,31,1,on,2.34,2.538,3.101,ac:ed:5c:47:06:cb,-47.0,0.0,0.0,135.0,40.5,6514.0,15813.0,7.0
2025-08-14 13:38:27,RUN_20250814_133803_11,TCP,2,,,40877916.630918436,0.0,,68:54:5a:e2:f2:c0,49961254.0,39969003.0,48,5240,20,10,7,15,-92,30,1,off,0.805,1.214,1.921,68:54:5a:e2:f2:c0,-47.0,0.0,0.0,65.0,117.0,5658.0,13917.0,7.0,TCP,1,,1M,65707774.0152971,0.0,,ac:ed:5c:47:06:cb,84799986.0,67839988.0,48,5240,40,23,15,31,-92,24,2,on,1.243,2.148,3.703,ac:ed:5c:47:06:cb,-45.0,0.0,0.0,135.0,24.0,4151.0,7575.0,7.0
2025-08-14 13:39:37,RUN_20250814_133910_13,TCP,8,,,85832926.22159272,0.0,,68:54:5a:e2:f2:c0,100606531.0,80485224.0,36,5180,40,17,15,31,-92,33,2,off,1.678,1.789,1.901,68:54:5a:e2:f2:c0,-45.0,0.0,0.0,135.0,243.0,5538.0,12965.0,7.0,TCP,16,,,24747703.70783698,0.0,,ac:ed:5c:47:06:cb,28770804.0,23016643.0,40,5200,20,17,15,31,-92,2,1,on,1.458,2.353,3.249,,,,,,,,,
2025-08-14 13:40:09,RUN_20250814_133944_14,UDP,1,400M,,77600587.43524177,0.07762352589938797,0.1074517950518096,68:54:5a:e2:f2:c0,99819636.0,79855708.0,44,5220,40,23,31,63,-91,25,1,off,1.109,1.51,1.912,68:54:5a:e2:f2:c0,-47.0,1.0,1.0,135.0,243.0,5666.0,12874.0,7.0,TCP,1,,512K,73877084.1208223,0.0,,ac:ed:5c:47:06:cb,97143843.0,77715074.0,44,5220,80,17,15,31,-92,2,2,off,0.777,1.869,2.961,ac:ed:5c:47:06:cb,-47.0,1.0,1.0,292.5,6.0,1061.0,1305.0,7.0
2025-08-14 13:40:45,RUN_20250814_134017_15,UDP,1,400M,,132971698.8207492,2.259778726369893,0.028909607267088935,68:54:5a:e2:f2:c0,171041495.0,136833196.0,36,5180,80,10,7,15,-92,34,1,on,3.393,3.393,3.393,68:54:5a:e2:f2:c0,-44.0,0.0,0.0,390.0,468.0,4980.0,11186.0,9.0,TCP,1,,2M,32654871.486670673,0.0,,ac:ed:5c:47:06:cb,40915491.0,32732392.0,44,5220,20,10,15,31,-92,2,1,on,2.911,2.911,2.911,,,,,,,,,
2025-08-14 13:41:19,RUN_20250814_134052_16,TCP,8,,,71874432.6189114,0.0,,68:54:5a:e2:f2:c0,85471588.0,68377270.0,44,5220,40,10,31,63,-80,26,1,on,2.634,2.634,2.634,68:54:5a:e2:f2:c0,-43.0,0.0,0.0,6.0,162.0,4955.0,8276.0,12.0,TCP,4,,,135850624.87131533,0.0,,ac:ed:5c:47:06:cb,180549035.0,144439228.0,48,5240,80,17,63,127,-92,2,1,off,4.193,4.193,4.193,,,,,,,,,
2025-08-14 13:42:27,RUN_20250814_134201_18,TCP,2,,,56129037.16118245,0.0,,68:54:5a:e2:f2:c0,68873657.0,55098925.0,44,5220,20,23,63,127,-80,26,1,on,,,,68:54:5a:e2:f2:c0,-46.0,0.0,0.0,65.0,52.0,3182.0,3169.0,7.0,TCP,1,,2M,101363407.10277405,0.0,,ac:ed:5c:47:06:cb,130816278.0,104653022.0,36,5180,40,23,63,127,-91,37,2,off,,,,ac:ed:5c:47:06:cb,-43.0,3.0,3.0,6.0,6.0,130817090.0,440414.0,
2025-08-14 13:43:01,RUN_20250814_134235_19,TCP,1,,4M,73399329.10905702,0.0,,68:54:5a:e2:f2:c0,90390624.0,72312499.0,48,5240,80,23,7,15,-80,26,2,on,0.889,0.889,0.889,68:54:5a:e2:f2:c0,-44.0,0.0,0.0,6.0,6.0,526.0,1160.0,,TCP,4,,,71528024.86370163,0.0,,ac:ed:5c:47:06:cb,86965909.0,69572727.0,36,5180,40,17,63,127,-91,32,1,off,2.04,2.04,2.04,ac:ed:5c:47:06:cb,-46.0,3022.0,3022.0,135.0,300.0,86965999.0,634974.0,7.0
2025-08-14 13:43:35,RUN_20250814_134309_20,TCP,1,,512K,134031264.67172095,0.0,,68:54:5a:e2:f2:c0,174447544.0,139558035.0,48,5240,80,10,15,31,-80,26,1,on,1.611,1.66,1.71,,,,,,,,,,UDP,1,400M,,55879616.1510324,36.866435871390365,0.426101997593367,ac:ed:5c:47:06:cb,71883867.0,57507093.0,40,5200,20,10,7,15,-92,28,2,off,1.502,1.712,1.923,ac:ed:5c:47:06:cb,-50.0,1568.0,1568.0,6.0,6.0,71884273.0,22378.0,
2025-08-14 13:44:09,RUN_20250814_134343_21,UDP,1,50M,,49996144.03084775,0.0,0.19843901900022567,68:54:5a:e2:f2:c0,64314124.0,51451299.0,40,5200,20,23,15,31,-80,26,2,off,1.952,2.007,2.095,,,,,,,,,,TCP,16,,,99754149.6140007,0.0,,ac:ed:5c:47:06:cb,123985351.0,99188280.0,44,5220,40,17,31,63,-92,28,2,on,2.293,2.363,2.431,ac:ed:5c:47:06:cb,-49.0,431.0,431.0,6.0,6.0,123985757.0,2503789.0,
2025-08-14 13:44:43,RUN_20250814_134416_22,UDP,1,100M,,38027650.97879217,0.0,0.62000582484266,68:54:5a:e2:f2:c0,48920799.0,39136639.0,36,5180,20,17,63,127,-92,34,2,on,1.995,2.048,2.178,68:54:5a:e2:f2:c0,-43.0,77.0,77.0,65.0,144.4,48921670.0,18389.0,7.0,TCP,8,,,55459945.9067519,0.0,,ac:ed:5c:47:06:cb,65635156.0,52508124.0,36,5180,40,23,31,63,-92,45,2,off,2.449,2.555,2.676,ac:ed:5c:47:06:cb,-44.0,5.0,5.0,6.0,6.0,65635968.0,783377.0,
2025-08-14 13:45:50,RUN_20250814_134523_24,UDP,1,100M,,56327907.77673779,0.0,0.336459683055083,68:54:5a:e2:f2:c0,72459184.0,57967347.0,36,5180,20,23,31,63,-92,32,2,on,2.029,2.094,2.191,68:54:5a:e2:f2:c0,-44.0,35.0,35.0,65.0,144.4,72460082.0,21734.0,7.0,TCP,16,,,49508248.64854162,0.0,,ac:ed:5c:47:06:cb,61316869.0,49053495.0,48,5240,20,10,7,15,-91,34,1,on,2.221,2.285,2.361,ac:ed:5c:47:06:cb,-45.0,214.0,216.0,6.0,6.0,61317275.0,1461506.0,
2025-08-14 13:46:22,RUN_20250814_134557_25,TCP,1,,1M,55839717.1408369,0.0,,68:54:5a:e2:f2:c0,71899385.0,57519508.0,48,5240,20,10,63,127,-92,30,2,off,1.057,1.684,1.907,68:54:5a:e2:f2:c0,-59.0,140.0,140.0,65.0,144.4,71900256.0,161864.0,7.0,TCP,16,,,101416692.85801642,0.0,,ac:ed:5c:47:06:cb,122831049.0,98264839.0,36,5180,40,17,63,127,-91,35,2,off,1.967,2.285,2.52,ac:ed:5c:47:06:cb,-43.0,1.0,1.0,6.0,6.0,122831861.0,2560774.0,
2025-08-14 13:46:55,RUN_20250814_134629_26,TCP,1,,512K,271855433.9516416,0.0,,68:54:5a:e2:f2:c0,355051961.0,284041568.0,48,5240,80,23,15,31,-92,30,1,off,1.45,1.526,1.641,68:54:5a:e2:f2:c0,-58.0,3731.0,3731.0,390.0,866.7,355053295.0,467104.0,9.0,UDP,1,5M,,4999614.403084775,29.3790546802595,2.587757666871837,ac:ed:5c:47:06:cb,6056883.0,4845506.0,36,5180,80,23,15,31,-92,32,1,off,1.257,1.756,2.044,ac:ed:5c:47:06:cb,-46.0,524.0,524.0,6.0,6.0,6059191.0,20837.0,
2025-08-14 13:47:29,RUN_20250814_134703_27,UDP,1,100M,,55998936.008299135,0.0,0.3643126652505194,68:54:5a:e2:f2:c0,72036444.0,57629155.0,36,5180,20,23,31,63,-92,32,2,off,1.927,2.006,2.088,68:54:5a:e2:f2:c0,-44.0,329.0,329.0,65.0,144.4,72037282.0,20634.0,7.0,TCP,16,,,55502971.00552203,0.0,,ac:ed:5c:47:06:cb,67043348.0,53634678.0,40,5200,20,17,7,15,-90,28,2,on,2.289,2.344,2.498,ac:ed:5c:47:06:cb,-50.0,376.0,376.0,65.0,144.4,67043348.0,1600485.0,7.0
2025-08-14 13:48:02,RUN_20250814_134737_28,TCP,1,,2M,103807425.36564937,0.0,,68:54:5a:e2:f2:c0,132739738.0,106191790.0,48,5240,40,10,15,31,-92,30,2,off,0.866,0.976,1.126,68:54:5a:e2:f2:c0,-59.0,4810.0,4810.0,135.0,300.0,132740609.0,217606.0,7.0,UDP,1,5M,,4999611.903298822,2.015755329008341,3.056835048881707,ac:ed:5c:47:06:cb,6438727.0,5150981.0,36,5180,80,10,7,15,-91,4,1,off,1.289,1.705,2.255,ac:ed:5c:47:06:cb,-47.0,283.0,283.0,390.0,526.6,6439163.0,21446.0,9.0
2025-08-14 13:49:07,RUN_20250814_134841_30,TCP,1,,1M,71477235.0350596,0.0,,68:54:5a:e2:f2:c0,92611432.0,74089145.0,44,5220,40,17,31,63,-91,33,1,on,1.987,2.019,2.101,68:54:5a:e2:f2:c0,-59.0,168.0,168.0,135.0,300.0,92612270.0,170667.0,7.0,UDP,1,100M,,87764315.4854761,0.0,0.4450729006231627,ac:ed:5c:47:06:cb,9307153.0,7445722.0,44,5220,20,23,31,63,-92,25,1,on,2.227,2.377,2.466,ac:ed:5c:47:06:cb,-46.0,0.0,0.0,65.0,52.0,9310129.0,23057.0,7.0
2025-08-14 13:49:41,RUN_20250814_134914_31,TCP,1,,1M,80652640.2335812,0.0,,68:54:5a:e2:f2:c0,104433714.0,83546971.0,48,5240,40,10,7,15,-91,33,1,on,0.869,1.471,1.976,68:54:5a:e2:f2:c0,-58.0,377.0,377.0,135.0,300.0,104434612.0,178515.0,7.0,TCP,1,,,30138343.19727789,0.0,,ac:ed:5c:47:06:cb,12770.0,10216.0,44,5220,40,23,7,15,-92,25,1,on,2.315,2.55,2.788,ac:ed:5c:47:06:cb,-45.0,0.0,0.0,135.0,54.0,14812.0,19427.0,7.0
2025-08-14 13:52:28,RUN_20250814_135206_36,TCP,16,,,253257910.847159,0.0,,68:54:5a:e2:f2:c0,310628935.0,248503148.0,36,5180,80,23,63,127,-92,48,1,off,1.479,1.537,1.657,68:54:5a:e2:f2:c0,-58.0,386.0,386.0,390.0,866.7,310629851.0,1417748.0,9.0,UDP,1,400M,,76580052.95957632,21.242190927105234,0.19114321038435267,ac:ed:5c:47:06:cb,0.0,0.0,36,5180,80,10,63,127,-92,46,2,on,1.247,1.632,1.82,ac:ed:5c:47:06:cb,-45.0,0.0,0.0,292.5,54.0,4431.0,11558.0,7.0
2025-08-14 13:53:34,RUN_20250814_135309_38,TCP,16,,,41548847.192868516,0.0,,68:54:5a:e2:f2:c0,46917852.0,37534281.0,40,5200,20,10,63,127,-91,35,1,on,1.028,1.769,2.103,68:54:5a:e2:f2:c0,-57.0,1222.0,1222.0,65.0,144.4,46918750.0,793334.0,7.0,TCP,16,,,210393814.59937826,0.0,,ac:ed:5c:47:06:cb,261795071.0,209436056.0,44,5220,80,23,31,63,-92,39,1,on,1.773,2.023,2.325,,,,,,,,,
2025-08-14 13:54:41,RUN_20250814_135415_40,TCP,1,,512K,14502989.613227757,0.0,,68:54:5a:e2:f2:c0,10871306.0,8697044.0,36,5180,20,10,15,31,-92,27,2,off,1.87,1.928,2.046,68:54:5a:e2:f2:c0,-55.0,1.0,1.0,65.0,144.4,10873060.0,40514.0,7.0,UDP,1,5M,,4999614.903042266,2.896200185356812,0.13178043278912827,ac:ed:5c:47:06:cb,6437453.0,5149962.0,44,5220,40,23,15,31,-92,9,2,on,1.436,2.118,2.377,,,,,,,,,
2025-08-14 13:55:13,RUN_20250814_135448_41,UDP,1,5M,,4999615.902957547,46.8489341983318,3.3697574392897054,68:54:5a:e2:f2:c0,3224280.0,2579424.0,48,5240,20,23,31,63,-92,24,2,on,2.017,2.076,2.198,68:54:5a:e2:f2:c0,-47.0,6.0,6.0,65.0,130.0,3226156.0,17291.0,7.0,UDP,1,50M,,49996139.03127385,5.857275254865616,0.2984357150602992,ac:ed:5c:47:06:cb,64315392.0,51452313.0,48,5240,20,17,63,127,-92,9,2,off,1.318,2.069,2.366,ac:ed:5c:47:06:cb,-47.0,2.0,2.0,65.0,78.0,64315954.0,23017.0,7.0
2025-08-14 13:55:47,RUN_20250814_135520_42,TCP,1,,512K,26961282.7852947,0.0,,68:54:5a:e2:f2:c0,4366619.0,3493295.0,48,5240,20,10,15,31,-92,24,2,on,0.973,1.033,1.193,68:54:5a:e2:f2:c0,-59.0,0.0,0.0,65.0,144.4,4369029.0,30248.0,7.0,TCP,2,,,73457717.5769292,0.0,,ac:ed:5c:47:06:cb,95950906.0,76760724.0,48,5240,40,17,7,15,-92,9,1,on,1.218,1.751,2.259,ac:ed:5c:47:06:cb,-47.0,91.0,92.0,135.0,300.0,95950966.0,438460.0,7.0
2025-08-14 13:56:20,RUN_20250814_135554_43,UDP,1,5M,,4999615.4029998565,45.945319740500466,0.4463280852527901,68:54:5a:e2:f2:c0,2666280.0,2133024.0,44,5220,40,17,63,127,-92,24,1,off,1.918,1.955,2.058,68:54:5a:e2:f2:c0,-47.0,1.0,1.0,135.0,270.0,2668753.0,19636.0,7.0,TCP,1,,512K,46882225.654404975,0.0,,ac:ed:5c:47:06:cb,60608674.0,48486939.0,36,5180,20,10,7,15,-92,20,1,off,1.176,1.925,2.219,ac:ed:5c:47:06:cb,-50.0,31.0,31.0,6.0,6.0,60609236.0,310420.0,
2025-08-14 13:56:52,RUN_20250814_135627_44,UDP,1,400M,,179462543.84590364,0.005163822261237769,0.07879438099893206,68:54:5a:e2:f2:c0,776801.0,621440.0,36,5180,40,17,7,15,-92,24,2,off,0.869,1.464,2.081,68:54:5a:e2:f2:c0,-44.0,7.0,7.0,135.0,270.0,778808.0,16908.0,7.0,TCP,1,,2M,95733794.8217749,0.0,,ac:ed:5c:47:06:cb,123741352.0,98993081.0,44,5220,40,17,31,63,-92,18,1,on,1.284,1.696,2.271,ac:ed:5c:47:06:cb,-44.0,152.0,152.0,6.0,6.0,123742194.0,417442.0,
2025-08-14 13:57:26,RUN_20250814_135659_45,UDP,1,400M,,148472722.20365563,0.06943848452458044,0.16422865036638076,68:54:5a:e2:f2:c0,5330.0,4264.0,36,5180,40,17,31,63,-92,26,2,off,1.909,1.966,2.098,68:54:5a:e2:f2:c0,-44.0,3.0,3.0,135.0,270.0,7572.0,19475.0,7.0,TCP,8,,,96521411.60376656,0.0,,ac:ed:5c:47:06:cb,120060979.0,96048783.0,44,5220,40,23,63,127,-92,18,2,off,1.459,2.04,2.26,ac:ed:5c:47:06:cb,-46.0,108.0,108.0,135.0,300.0,120061821.0,1476269.0,7.0
2025-08-14 13:58:32,RUN_20250814_135806_47,TCP,1,,512K,55162351.56801634,0.0,,68:54:5a:e2:f2:c0,71489234.0,57191387.0,36,5180,20,10,31,63,-92,28,1,off,1.91,1.971,2.103,68:54:5a:e2:f2:c0,-43.0,0.0,0.0,65.0,130.0,6754.0,15256.0,7.0,UDP,1,400M,,298521895.57264584,86.4227951448173,0.10724461970322037,ac:ed:5c:47:06:cb,90778056.0,72622444.0,44,5220,40,17,15,31,-92,18,1,off,2.068,2.113,2.153,ac:ed:5c:47:06:cb,-44.0,1.0,1.0,135.0,6.0,90780098.0,22374.0,7.0
2025-08-14 13:59:06,RUN_20250814_135839_48,UDP,1,50M,,49996144.03084775,0.0,0.0274691120438841,68:54:5a:e2:f2:c0,64312233.0,51449786.0,44,5220,40,23,15,31,-92,26,2,on,1.992,2.075,2.286,68:54:5a:e2:f2:c0,-46.0,0.0,0.0,135.0,270.0,6660.0,18342.0,7.0,TCP,4,,,17447086.191148262,0.0,,ac:ed:5c:47:06:cb,57055.0,45644.0,44,5220,20,10,63,127,-92,18,2,on,1.188,1.728,2.92,ac:ed:5c:47:06:cb,-46.0,0.0,0.0,6.0,58.5,59136.0,21048.0,6.0
2025-08-14 14:00:12,RUN_20250814_135947_50,TCP,1,,4M,59768216.38737121,0.0,,68:54:5a:e2:f2:c0,71488401.0,57190720.0,40,5200,20,17,15,31,-92,26,2,on,1.273,1.893,2.166,68:54:5a:e2:f2:c0,-46.0,0.0,0.0,65.0,130.0,5850.0,16633.0,7.0,TCP,1,,2M,101360862.9758973,0.0,,ac:ed:5c:47:06:cb,130791718.0,104633374.0,44,5220,40,10,15,31,-92,18,2,on,1.25,2.291,3.376,ac:ed:5c:47:06:cb,-46.0,0.0,0.0,135.0,27.0,6706.0,17086.0,7.0
2025-08-14 14:03:31,RUN_20250814_140310_56,TCP,8,,,61820736.987008765,0.0,,68:54:5a:e2:f2:c0,71928224.0,57542579.0,40,5200,20,23,7,15,-92,45,2,on,1.023,1.402,2.146,68:54:5a:e2:f2:c0,-45.0,0.0,0.0,65.0,117.0,5666.0,12075.0,7.0,UDP,1,5M,,4999613.903127384,3.2900834105653383,0.08537448884900174,ac:ed:5c:47:06:cb,6435592.0,5148473.0,48,5240,20,23,31,63,-92,30,2,on,1.228,1.309,1.393,ac:ed:5c:47:06:cb,-48.0,0.0,0.0,65.0,39.0,5145.0,15556.0,7.0
2025-08-14 14:04:06,RUN_20250814_140338_57,TCP,1,,2M,111147788.91520637,0.0,,68:54:5a:e2:f2:c0,142207544.0,113766035.0,36,5180,40,10,63,127,-92,38,1,on,1.032,1.696,2.044,68:54:5a:e2:f2:c0,-45.0,0.0,0.0,135.0,243.0,5826.0,14580.0,7.0,TCP,1,,1M,95420762.9617763,0.0,,ac:ed:5c:47:06:cb,123450436.0,98760348.0,44,5220,40,17,31,63,-92,30,1,off,2.426,2.905,3.741,ac:ed:5c:47:06:cb,-45.0,2.0,2.0,135.0,27.0,7042.0,17420.0,7.0
2025-08-14 14:05:14,RUN_20250814_140446_59,UDP,1,50M,,49996149.030422665,0.0,0.04641961241601186,68:54:5a:e2:f2:c0,64313130.0,51450504.0,48,5240,40,10,63,127,-92,30,2,on,0.99,1.471,1.953,68:54:5a:e2:f2:c0,-47.0,0.0,0.0,135.0,243.0,5818.0,13271.0,7.0,TCP,1,,,47841216.734114,0.0,,ac:ed:5c:47:06:cb,61360956.0,49088764.0,36,5180,20,10,15,31,-92,31,2,off,1.352,1.626,1.9,ac:ed:5c:47:06:cb,-46.0,0.0,0.0,65.0,58.5,6283.0,17066.0,7.0
2025-08-14 14:05:49,RUN_20250814_140521_60,TCP,2,,,114504941.1248949,0.0,,68:54:5a:e2:f2:c0,144280626.0,115424500.0,36,5180,40,23,63,127,-92,38,2,on,2.05,2.052,2.054,68:54:5a:e2:f2:c0,-45.0,0.0,0.0,135.0,216.0,5666.0,11745.0,7.0,TCP,1,,512K,52876866.14066616,0.0,,ac:ed:5c:47:06:cb,68297212.0,54637769.0,48,5240,20,10,7,15,-92,29,1,off,1.312,1.759,2.206,ac:ed:5c:47:06:cb,-45.0,0.0,0.0,6.0,6.0,5239.0,15258.0,
2025-08-14 14:06:22,RUN_20250814_140557_61,TCP,1,,1M,110573833.573064,0.0,,68:54:5a:e2:f2:c0,142888956.0,114311164.0,36,5180,80,23,63,127,-91,33,2,on,2.067,2.067,2.067,68:54:5a:e2:f2:c0,-45.0,0.0,0.0,292.5,526.6,5330.0,12418.0,7.0,TCP,1,,512K,87802217.5140551,0.0,,ac:ed:5c:47:06:cb,114674664.0,91739731.0,48,5240,40,10,63,127,-92,29,2,off,1.131,1.131,1.131,ac:ed:5c:47:06:cb,-45.0,1.0,1.0,6.0,6.0,4822.0,14787.0,
2025-08-14 14:06:57,RUN_20250814_140630_62,UDP,1,50M,,49996149.030422665,0.0,0.13650996555208067,68:54:5a:e2:f2:c0,64312771.0,51450216.0,48,5240,20,17,15,31,-92,30,1,on,,,,68:54:5a:e2:f2:c0,-47.0,0.0,0.0,6.0,104.0,4889.0,7873.0,13.0,TCP,1,,512K,80660757.00306736,0.0,,ac:ed:5c:47:06:cb,105327344.0,84261875.0,36,5180,40,10,7,15,-92,32,1,off,,,,ac:ed:5c:47:06:cb,-44.0,0.0,0.0,135.0,54.0,4804.0,13973.0,7.0
2025-08-14 14:08:06,RUN_20250814_140738_64,TCP,1,,1M,110729717.54343458,0.0,,68:54:5a:e2:f2:c0,143978814.0,115183051.0,48,5240,40,17,7,15,-92,30,2,on,2.137,2.137,2.137,68:54:5a:e2:f2:c0,-48.0,0.0,0.0,135.0,216.0,5309.0,9183.0,7.0,TCP,8,,,102443166.25812104,0.0,,ac:ed:5c:47:06:cb,127087144.0,101669715.0,36,5180,40,10,15,31,-92,26,2,on,2.147,2.147,2.147,ac:ed:5c:47:06:cb,-46.0,0.0,0.0,6.0,40.5,5786.0,17639.0,2.0
2025-08-14 14:08:38,RUN_20250814_140813_65,TCP,1,,512K,29880566.445146013,0.0,,68:54:5a:e2:f2:c0,38336344.0,30669075.0,40,5200,20,10,15,31,-92,30,1,off,,,,68:54:5a:e2:f2:c0,-47.0,1.0,1.0,65.0,78.0,4814.0,5904.0,7.0,UDP,1,50M,,49933585.9379539,15.331972347237043,0.324392936487454,ac:ed:5c:47:06:cb,64232329.0,51385863.0,36,5180,40,10,31,63,-92,23,2,on,,,,ac:ed:5c:47:06:cb,-47.0,0.0,0.0,135.0,54.0,6670.0,19095.0,7.0
2025-08-14 14:09:14,RUN_20250814_140846_66,UDP,1,50M,,49996149.030422665,0.0,0.17096314204556623,68:54:5a:e2:f2:c0,64314204.0,51451363.0,36,5180,20,17,15,31,-92,31,2,on,,,,68:54:5a:e2:f2:c0,-44.0,0.0,0.0,65.0,78.0,4624.0,5838.0,7.0,UDP,1,10M,,9999228.80616955,3.371177015755329,0.0380049369311207,ac:ed:5c:47:06:cb,12866767.0,10293413.0,44,5220,20,10,15,31,-92,22,2,off,,,,ac:ed:5c:47:06:cb,-47.0,1.0,1.0,65.0,39.0,5830.0,15959.0,7.0
2025-08-14 14:09:47,RUN_20250814_140921_67,TCP,1,,,102969123.21185555,0.0,,68:54:5a:e2:f2:c0,131493672.0,105194937.0,36,5180,40,10,7,15,-92,31,1,on,,,,68:54:5a:e2:f2:c0,-44.0,0.0,0.0,135.0,108.0,636.0,1609.0,7.0,TCP,1,,1M,53666880.3308121,0.0,,ac:ed:5c:47:06:cb,69431455.0,55545164.0,44,5220,20,17,31,63,-92,22,1,on,,,,ac:ed:5c:47:06:cb,-46.0,0.0,0.0,65.0,6.0,5333.0,16217.0,7.0
2025-08-14 14:10:22,RUN_20250814_140954_68,TCP,4,,,148383650.67292204,0.0,,68:54:5a:e2:f2:c0,183930533.0,147144426.0,48,5240,80,10,63,127,-92,29,1,off,1.647,1.647,1.647,68:54:5a:e2:f2:c0,-46.0,0.0,0.0,6.0,234.0,526.0,1140.0,3.0,TCP,1,,,32046517.502212208,0.0,,ac:ed:5c:47:06:cb,39351246.0,31480996.0,48,5240,20,17,63,127,-92,22,2,on,1.601,1.632,1.663,ac:ed:5c:47:06:cb,-48.0,0.0,0.0,65.0,39.0,5649.0,16711.0,7.0
2025-08-14 14:12:39,RUN_20250814_141211_72,TCP,1,,4M,59767493.20815214,0.0,,68:54:5a:e2:f2:c0,72170152.0,57736121.0,48,5240,20,23,31,63,-90,30,1,off,,,,68:54:5a:e2:f2:c0,-48.0,0.0,0.0,65.0,52.0,2905.0,3498.0,7.0,TCP,1,,512K,43493879.37956806,0.0,,ac:ed:5c:47:06:cb,56671014.0,45336811.0,44,5220,20,10,31,63,-92,34,1,off,1.078,1.078,1.078,ac:ed:5c:47:06:cb,-48.0,2.0,2.0,65.0,52.0,6952.0,19215.0,7.0
2025-08-14 14:14:22,RUN_20250814_141354_75,UDP,1,400M,,44715054.09408348,0.0,0.022899982787422966,68:54:5a:e2:f2:c0,57521840.0,46017472.0,44,5220,20,23,7,15,-91,30,1,off,1.148,1.148,1.148,68:54:5a:e2:f2:c0,-47.0,0.0,0.0,6.0,26.0,505.0,964.0,3.0,UDP,1,100M,,80181489.748082,30.691438643127512,0.057649776042577774,ac:ed:5c:47:06:cb,103144530.0,82515624.0,48,5240,80,23,31,63,-91,33,1,off,2.085,2.133,2.181,ac:ed:5c:47:06:cb,-44.0,0.0,0.0,390.0,175.6,7294.0,18945.0,9.0
2025-08-14 14:14:55,RUN_20250814_141429_76,TCP,1,,1M,191162130.80046415,0.0,,68:54:5a:e2:f2:c0,249110269.0,199288215.0,36,5180,80,17,7,15,-91,39,1,on,1.318,1.445,1.573,,,,,,,,,,TCP,2,,,124729011.21254638,0.0,,ac:ed:5c:47:06:cb,0.0,0.0,44,5220,80,10,7,15,-91,33,1,off,1.128,1.244,1.33,ac:ed:5c:47:06:cb,-47.0,0.0,0.0,390.0,175.6,6232.0,19144.0,9.0
2025-08-14 14:17:43,RUN_20250814_141717_81,TCP,1,,4M,108002139.97646026,0.0,,68:54:5a:e2:f2:c0,135737430.0,108589944.0,36,5180,40,17,7,15,-92,35,1,off,0.907,1.007,1.265,68:54:5a:e2:f2:c0,-46.0,6190.0,6190.0,135.0,270.0,135738268.0,222590.0,7.0,UDP,1,50M,,49996129.032129034,0.19230769230769232,0.17918854893811295,ac:ed:5c:47:06:cb,64313594.0,51450875.0,44,5220,20,17,63,127,-92,52,2,on,1.112,1.194,1.241,ac:ed:5c:47:06:cb,-46.0,0.0,0.0,65.0,26.0,5020.0,13856.0,7.0
2025-08-14 14:18:16,RUN_20250814_141750_82,TCP,4,,,54384174.58199231,0.0,,68:54:5a:e2:f2:c0,65185414.0,52148331.0,36,5180,40,10,63,127,-92,34,2,off,1.287,1.815,2.085,68:54:5a:e2:f2:c0,-46.0,34904.0,34906.0,135.0,300.0,65186468.0,242082.0,7.0,UDP,1,200M,,55927098.99049818,0.0,0.441102391188159,ac:ed:5c:47:06:cb,71945990.0,57556792.0,44,5220,20,23,31,63,-92,52,2,off,1.639,2.036,2.254,ac:ed:5c:47:06:cb,-50.0,2.0,2.0,65.0,54.0,5036.0,14279.0,7.0
2025-08-14 14:18:48,RUN_20250814_141823_83,UDP,1,50M,,49988040.29448168,1.3301508585729844,0.37395696461182343,68:54:5a:e2:f2:c0,64304401.0,51443520.0,44,5220,80,23,31,63,-91,32,2,on,1.628,1.685,1.788,68:54:5a:e2:f2:c0,-42.0,3350.0,3350.0,292.5,702.0,64305299.0,21014.0,7.0,UDP,1,100M,,39627368.76736548,9.7313572451694,0.29121968417841376,ac:ed:5c:47:06:cb,50976600.0,40781280.0,40,5200,20,17,63,127,-92,52,2,off,1.187,1.287,1.393,ac:ed:5c:47:06:cb,-47.0,12.0,12.0,6.0,6.0,5210.0,14733.0,
2025-08-14 14:19:23,RUN_20250814_141856_84,UDP,1,5M,,4999615.4029998565,0.0,0.3954992755523525,68:54:5a:e2:f2:c0,6437242.0,5149793.0,36,5180,40,17,63,127,-92,5,1,off,1.931,2.183,2.895,68:54:5a:e2:f2:c0,-44.0,2.0,2.0,135.0,270.0,6438296.0,19003.0,7.0,UDP,1,5M,,4999614.403084775,4.031510658016682,0.07171878714387253,ac:ed:5c:47:06:cb,6435921.0,5148736.0,48,5240,20,17,15,31,-92,52,1,off,1.977,2.048,2.145,ac:ed:5c:47:06:cb,-45.0,0.0,0.0,6.0,6.0,5046.0,8592.0,
2025-08-14 14:19:55,RUN_20250814_141930_85,UDP,1,400M,,143196801.5452678,1.2643892021323928,0.04135522553725528,68:54:5a:e2:f2:c0,184196024.0,147356819.0,44,5220,80,23,31,63,-92,4,1,on,1.608,1.667,1.786,68:54:5a:e2:f2:c0,-45.0,1382.0,1382.0,390.0,702.0,184196862.0,19393.0,9.0,TCP,2,,,32880233.7612443,0.0,,ac:ed:5c:47:06:cb,39233182.0,31386545.0,40,5200,20,10,63,127,-92,52,1,off,1.019,1.088,1.179,ac:ed:5c:47:06:cb,-48.0,3.0,3.0,65.0,54.0,5059.0,11667.0,7.0
2025-08-14 14:21:02,RUN_20250814_142035_87,UDP,1,100M,,56025674.2433871,0.0,0.14949405689422268,68:54:5a:e2:f2:c0,72070820.0,57656656.0,44,5220,20,17,63,127,-92,8,1,on,1.01,1.371,2.105,68:54:5a:e2:f2:c0,-48.0,406.0,406.0,65.0,144.4,72071718.0,20358.0,7.0,TCP,1,,512K,92910794.6544972,0.0,,ac:ed:5c:47:06:cb,121116329.0,96893063.0,36,5180,40,10,7,15,-92,34,2,on,1.139,1.357,1.781,ac:ed:5c:47:06:cb,-47.0,0.0,0.0,135.0,27.0,5291.0,13389.0,7.0
2025-08-14 14:21:35,RUN_20250814_142109_88,TCP,1,,1M,117037282.0705946,0.0,,68:54:5a:e2:f2:c0,152260558.0,121808446.0,36,5180,80,17,31,63,-91,20,2,off,0.879,0.989,1.172,68:54:5a:e2:f2:c0,-45.0,264.0,264.0,292.5,780.0,152261612.0,176117.0,7.0,UDP,1,50M,,45974193.01677866,40.9821608546664,0.3906975096708979,ac:ed:5c:47:06:cb,59140209.0,47312167.0,48,5240,20,10,63,127,-92,26,1,on,1.613,1.68,1.839,ac:ed:5c:47:06:cb,-45.0,0.0,0.0,65.0,36.0,4377.0,8339.0,7.0
2025-08-14 14:22:08,RUN_20250814_142142_89,TCP,4,,,59288122.39372456,0.0,,68:54:5a:e2:f2:c0,72027154.0,57621723.0,48,5240,20,23,63,127,-92,16,1,off,1.908,1.961,2.067,68:54:5a:e2:f2:c0,-59.0,28.0,28.0,65.0,144.4,72028052.0,485285.0,7.0,UDP,1,10M,,9999229.80608453,10.56533827618165,0.0641870738803009,ac:ed:5c:47:06:cb,12867235.0,10293788.0,36,5180,40,17,15,31,-91,7,2,off,2.019,2.15,2.34,ac:ed:5c:47:06:cb,-43.0,3.0,3.0,135.0,6.0,793.0,1273.0,7.0
2025-08-14 14:22:41,RUN_20250814_142215_90,UDP,1,5M,,4999615.4029998565,0.0,2.7864454059353854,68:54:5a:e2:f2:c0,6437723.0,5150178.0,40,5200,20,23,31,63,-92,16,2,off,1.093,1.438,1.866,68:54:5a:e2:f2:c0,-46.0,626.0,626.0,65.0,144.4,6438997.0,19565.0,7.0,UDP,1,200M,,118240925.70857488,29.87567721140752,0.11691421520096021,ac:ed:5c:47:06:cb,152095448.0,121676358.0,36,5180,80,10,7,15,-92,18,1,on,1.264,1.716,2.162,ac:ed:5c:47:06:cb,-41.0,0.0,0.0,390.0,9.0,2028.0,2009.0,9.0
2025-08-14 14:23:48,RUN_20250814_142323_92,UDP,1,200M,,109447073.22341421,0.013759234563197222,0.0744759615783405,68:54:5a:e2:f2:c0,140784853.0,112627882.0,44,5220,40,23,15,31,-92,29,2,off,1.928,2.001,2.093,68:54:5a:e2:f2:c0,-48.0,1280.0,1280.0,135.0,270.0,140786127.0,19797.0,7.0,TCP,1,,1M,100372806.41799079,0.0,,ac:ed:5c:47:06:cb,130238663.0,104190930.0,36,5180,40,10,31,63,-91,25,1,on,2.325,2.361,2.416,ac:ed:5c:47:06:cb,-43.0,728.0,728.0,135.0,6.0,130239095.0,423200.0,7.0
2025-08-14 14:24:55,RUN_20250814_142428_94,TCP,1,,4M,277869527.861288,0.0,,68:54:5a:e2:f2:c0,357636149.0,286108919.0,44,5220,80,10,31,63,-92,30,1,off,0.722,1.284,1.664,68:54:5a:e2:f2:c0,-58.0,7966.0,7966.0,390.0,866.7,357637143.0,448795.0,9.0,UDP,1,5M,,4999615.4029998565,4.935125115848008,0.10098296008495654,ac:ed:5c:47:06:cb,6439365.0,5151492.0,36,5180,20,17,15,31,-92,26,2,on,2.014,2.033,2.089,ac:ed:5c:47:06:cb,-43.0,546.0,547.0,6.0,6.0,6439831.0,21307.0,
2025-08-14 14:25:27,RUN_20250814_142502_95,TCP,2,,,227536919.0891483,0.0,,68:54:5a:e2:f2:c0,293531497.0,234825197.0,48,5240,80,23,31,63,-92,30,1,on,1.143,1.481,1.61,68:54:5a:e2:f2:c0,-58.0,952.0,952.0,390.0,866.7,293532335.0,379457.0,9.0,TCP,4,,,200515796.57768232,0.0,,ac:ed:5c:47:06:cb,252036372.0,201629097.0,36,5180,80,10,63,127,-91,28,1,on,1.993,2.018,2.068,ac:ed:5c:47:06:cb,-44.0,1065.0,1074.0,390.0,6.0,252037268.0,559558.0,9.0
2025-08-14 14:26:00,RUN_20250814_142534_96,UDP,1,50M,,49996139.03127385,0.0,0.29868802680198936,68:54:5a:e2:f2:c0,64315256.0,51452204.0,48,5240,40,17,15,31,-92,30,1,on,1.145,1.366,1.798,68:54:5a:e2:f2:c0,-47.0,116.0,116.0,135.0,270.0,64316530.0,19068.0,7.0,UDP,1,100M,,99991119.67193066,8.56937638295161,0.3381096492742397,ac:ed:5c:47:06:cb,128622957.0,102898365.0,44,5220,80,17,63,127,-92,27,1,on,1.428,2.211,2.516,ac:ed:5c:47:06:cb,-47.0,691.0,691.0,390.0,351.0,128623173.0,21517.0,9.0
2025-08-14 14:26:34,RUN_20250814_142608_97,TCP,1,,1M,222856065.1560051,0.0,,68:54:5a:e2:f2:c0,289917688.0,231934150.0,36,5180,80,23,31,63,-92,38,2,off,0.883,1.018,1.19,68:54:5a:e2:f2:c0,-58.0,131.0,131.0,292.5,866.7,289918742.0,363932.0,7.0,UDP,1,5M,,4999614.903042266,3.3827618164967563,0.14195722803054026,ac:ed:5c:47:06:cb,6439125.0,5151300.0,36,5180,80,23,31,63,-92,40,2,on,1.719,1.986,2.21,ac:ed:5c:47:06:cb,-45.0,0.0,0.0,292.5,6.0,6439125.0,19762.0,7.0
2025-08-14 14:27:09,RUN_20250814_142641_98,UDP,1,5M,,,,,,,,36,5180,40,23,31,63,-92,32,2,on,,,,,,,,,,,,,TCP,1,,2M,45221895.77303243,0.0,,ac:ed:5c:47:06:cb,57950686.0,46360548.0,36,5180,20,23,7,15,-92,33,2,off,,,,ac:ed:5c:47:06:cb,-43.0,798.0,798.0,6.0,6.0,57951451.0,295857.0,
2025-08-14 14:29:22,RUN_20250814_142856_102,UDP,1,100M,,76354166.76666586,0.01820554055284158,0.10368708735872242,68:54:5a:e2:f2:c0,98220256.0,78576204.0,48,5240,40,17,7,15,-92,28,1,on,1.54,2.021,2.508,68:54:5a:e2:f2:c0,-47.0,0.0,0.0,135.0,243.0,5172.0,14170.0,7.0,TCP,4,,,151883853.61443475,0.0,,ac:ed:5c:47:06:cb,191825502.0,153460401.0,48,5240,80,23,63,127,-92,26,2,on,0.965,1.416,2.505,ac:ed:5c:47:06:cb,-51.0,242.0,242.0,6.0,6.0,191825962.0,505240.0,
2025-08-14 14:30:30,RUN_20250814_143003_104,TCP,1,,1M,50575071.351551026,0.0,,68:54:5a:e2:f2:c0,64402518.0,51522014.0,40,5200,20,10,7,15,-91,27,1,off,1.954,1.959,1.965,68:54:5a:e2:f2:c0,-46.0,0.0,0.0,65.0,117.0,5666.0,13415.0,7.0,UDP,1,10M,,9999228.80616955,1.7956441149212234,1.965001194443186,ac:ed:5c:47:06:cb,12869899.0,10295919.0,36,5180,40,17,31,63,-92,20,1,off,1.013,1.492,1.971,ac:ed:5c:47:06:cb,-48.0,113.0,113.0,135.0,108.0,12870335.0,20762.0,7.0
2025-08-14 14:31:04,RUN_20250814_143037_105,TCP,2,,,231627265.106468,0.0,,68:54:5a:e2:f2:c0,298256856.0,238605484.0,36,5180,80,10,15,31,-92,28,1,on,1.78,1.78,1.78,68:54:5a:e2:f2:c0,-45.0,0.0,0.0,390.0,351.0,5025.0,7110.0,9.0,UDP,1,400M,,93964032.08414654,56.975196015582625,0.14236422986354028,ac:ed:5c:47:06:cb,120870901.0,96696720.0,48,5240,40,10,15,31,-92,18,2,off,,,,ac:ed:5c:47:06:cb,-45.0,2502.0,2502.0,6.0,6.0,120871743.0,20723.0,
2025-08-14 14:31:38,RUN_20250814_143111_106,TCP,8,,,61651532.5043112,0.0,,68:54:5a:e2:f2:c0,71026515.0,56821212.0,44,5220,20,17,31,63,-91,22,2,on,,,,68:54:5a:e2:f2:c0,-47.0,2.0,2.0,65.0,78.0,4758.0,5309.0,7.0,UDP,1,200M,,104754390.46312012,52.93649301677522,0.39988346957532345,ac:ed:5c:47:06:cb,134750777.0,107800621.0,40,5200,20,17,31,63,-92,18,2,off,,,,ac:ed:5c:47:06:cb,-50.0,723.0,728.0,6.0,6.0,134751183.0,21747.0,
2025-08-14 14:32:11,RUN_20250814_143146_107,TCP,8,,,31461247.3544504,0.0,,68:54:5a:e2:f2:c0,36683932.0,29347145.0,40,5200,20,17,15,31,-91,22,1,on,,,,68:54:5a:e2:f2:c0,-46.0,0.0,0.0,65.0,78.0,4668.0,4599.0,7.0,TCP,4,,,58341964.20732257,0.0,,ac:ed:5c:47:06:cb,71556223.0,57244978.0,36,5180,40,17,15,31,-92,25,1,on,,,,ac:ed:5c:47:06:cb,-45.0,699.0,699.0,6.0,6.0,71556629.0,524520.0,
2025-08-14 14:33:20,RUN_20250814_143253_109,TCP,16,,,95418083.60896194,0.0,,68:54:5a:e2:f2:c0,113248235.0,90598588.0,36,5180,40,23,7,15,-92,37,2,off,2.042,2.042,2.042,68:54:5a:e2:f2:c0,-42.0,0.0,0.0,6.0,6.0,505.0,1032.0,,TCP,2,,,160324817.43029332,0.0,,ac:ed:5c:47:06:cb,207163092.0,165730473.0,36,5180,80,17,31,63,-92,50,1,off,1.328,1.328,1.328,ac:ed:5c:47:06:cb,-46.0,439.0,439.0,6.0,6.0,207163552.0,401166.0,
2025-08-14 14:33:56,RUN_20250814_143327_110,TCP,4,,,164241122.15362236,0.0,,68:54:5a:e2:f2:c0,205871124.0,164696899.0,36,5180,80,17,7,15,-92,36,2,off,0.944,11.81,33.352,,,,,,,,,,TCP,8,,,147570686.141267,0.0,,ac:ed:5c:47:06:cb,186062163.0,148849730.0,48,5240,80,23,15,31,-92,39,1,on,1.755,1.843,1.973,ac:ed:5c:47:06:cb,-46.0,218.0,218.0,6.0,6.0,186062701.0,743820.0,
2025-08-14 14:34:28,RUN_20250814_143403_111,UDP,1,400M,,40571481.085299425,0.0,0.3808447389150888,68:54:5a:e2:f2:c0,52191459.0,41753167.0,40,5200,20,10,63,127,-91,33,2,off,0.74,0.969,1.111,68:54:5a:e2:f2:c0,-46.0,1570.0,1570.0,65.0,117.0,52192297.0,14237.0,7.0,TCP,1,,1M,88592237.07082628,0.0,,ac:ed:5c:47:06:cb,114585388.0,91668310.0,48,5240,80,17,63,127,-92,39,2,on,1.404,1.776,2.189,ac:ed:5c:47:06:cb,-47.0,403.0,403.0,292.5,866.7,114586284.0,239429.0,7.0
2025-08-14 14:35:35,RUN_20250814_143509_113,UDP,1,400M,,109324305.67041577,0.5287361193523777,0.0798391225803625,68:54:5a:e2:f2:c0,140627356.0,112501884.0,44,5220,40,10,15,31,-92,45,2,off,1.617,1.859,2.084,68:54:5a:e2:f2:c0,-47.0,1343.0,1343.0,135.0,270.0,140628194.0,21165.0,7.0,TCP,1,,512K,53502437.6234299,0.0,,ac:ed:5c:47:06:cb,68660257.0,54928205.0,36,5180,40,10,63,127,-92,35,2,off,1.12,1.754,2.332,ac:ed:5c:47:06:cb,-44.0,41.0,41.0,6.0,6.0,68662231.0,248562.0,
2025-08-14 14:36:08,RUN_20250814_143542_114,TCP,2,,,104750835.93478598,0.0,,68:54:5a:e2:f2:c0,132101215.0,105680972.0,44,5220,40,17,31,63,-92,45,2,off,0.906,0.977,1.066,68:54:5a:e2:f2:c0,-48.0,3199.0,3199.0,54.0,243.0,132102131.0,285749.0,3.0,TCP,2,,,88760997.5762383,0.0,,ac:ed:5c:47:06:cb,114276727.0,91421381.0,36,5180,40,23,63,127,-92,31,2,on,2.158,2.198,2.269,ac:ed:5c:47:06:cb,-44.0,42.0,42.0,6.0,6.0,114277133.0,490115.0,
2025-08-14 14:36:40,RUN_20250814_143615_115,TCP,1,,4M,179303788.51279345,0.0,,68:54:5a:e2:f2:c0,230080255.0,184064204.0,36,5180,80,10,7,15,-92,43,1,off,1.496,1.551,1.654,68:54:5a:e2:f2:c0,-59.0,239.0,239.0,390.0,866.7,230081342.0,292317.0,9.0,TCP,1,,,61341033.516838014,0.0,,ac:ed:5c:47:06:cb,76669662.0,61335729.0,36,5180,40,23,31,63,-91,32,1,on,1.261,1.651,1.981,ac:ed:5c:47:06:cb,-45.0,1.0,1.0,6.0,6.0,76670068.0,266850.0,
2025-08-14 14:37:14,RUN_20250814_143647_116,TCP,8,,,40722867.85582002,0.0,,68:54:5a:e2:f2:c0,45542303.0,36433842.0,44,5220,20,10,15,31,-92,35,2,on,1.143,1.367,1.677,68:54:5a:e2:f2:c0,-59.0,56.0,56.0,65.0,144.4,45543141.0,534203.0,7.0,TCP,16,,,153776174.96026066,0.0,,ac:ed:5c:47:06:cb,188249114.0,150599291.0,44,5220,80,23,7,15,-92,30,2,on,2.096,2.138,2.224,ac:ed:5c:47:06:cb,-47.0,0.0,0.0,292.5,6.0,188252298.0,2162448.0,7.0
2025-08-14 14:37:48,RUN_20250814_143721_117,TCP,16,,,45534839.80998295,0.0,,68:54:5a:e2:f2:c0,50249397.0,40199517.0,44,5220,20,23,15,31,-92,35,1,on,1.978,2.052,2.144,68:54:5a:e2:f2:c0,-58.0,197.0,197.0,65.0,144.4,50250235.0,970712.0,7.0,TCP,1,,512K,97903604.8701451,0.0,,ac:ed:5c:47:06:cb,127904452.0,102323561.0,44,5220,80,23,63,127,-92,30,2,on,1.16,1.651,2.124,ac:ed:5c:47:06:cb,-47.0,0.0,0.0,292.5,6.0,127904452.0,247689.0,7.0
2025-08-14 14:38:53,RUN_20250814_143827_119,TCP,4,,,39785769.82768276,0.0,,68:54:5a:e2:f2:c0,46220846.0,36976676.0,40,5200,20,23,7,15,-78,32,1,on,1.985,2.047,2.168,68:54:5a:e2:f2:c0,-58.0,141.0,141.0,65.0,144.4,46221690.0,251692.0,7.0,TCP,8,,,21982510.555035733,0.0,,ac:ed:5c:47:06:cb,25556811.0,20445448.0,40,5200,20,10,7,15,-92,31,1,off,1.09,1.493,2.382,ac:ed:5c:47:06:cb,-50.0,2.0,2.0,6.0,144.4,25557217.0,389123.0,15.0
2025-08-14 14:39:27,RUN_20250814_143901_120,UDP,1,50M,,49996154.02999856,0.03938832252085264,0.0338412241304596,68:54:5a:e2:f2:c0,64316064.0,51452851.0,48,5240,40,17,15,31,-78,32,2,on,1.862,2.031,2.191,68:54:5a:e2:f2:c0,-47.0,99.0,99.0,135.0,270.0,64316962.0,18681.0,7.0,TCP,1,,,36684947.723101184,0.0,,ac:ed:5c:47:06:cb,45094887.0,36075909.0,48,5240,20,23,7,15,-92,31,1,off,2.362,2.423,2.498,ac:ed:5c:47:06:cb,-44.0,2.0,2.0,65.0,6.0,45095090.0,234184.0,7.0
2025-08-14 14:39:59,RUN_20250814_143934_121,TCP,16,,,83645692.7374553,0.0,,68:54:5a:e2:f2:c0,95032193.0,76025754.0,48,5240,40,10,15,31,-78,32,2,on,2.022,2.055,2.139,68:54:5a:e2:f2:c0,-59.0,84.0,84.0,135.0,300.0,95033037.0,1367023.0,7.0,TCP,1,,1M,74622156.2184972,0.0,,ac:ed:5c:47:06:cb,95631210.0,76504968.0,48,5240,80,17,31,63,-92,31,2,on,1.073,1.862,2.373,ac:ed:5c:47:06:cb,-47.0,218.0,218.0,135.0,300.0,95632106.0,324848.0,7.0
2025-08-14 14:40:32,RUN_20250814_144006_122,TCP,8,,,118643098.27575018,0.0,,68:54:5a:e2:f2:c0,143116412.0,114493129.0,36,5180,40,10,63,127,-91,37,1,on,1.958,2.196,2.629,68:54:5a:e2:f2:c0,-58.0,44.0,44.0,135.0,300.0,143117310.0,1183353.0,7.0,UDP,1,10M,,9999226.80634019,3.2900834105653383,1.0233726505713567,ac:ed:5c:47:06:cb,12869478.0,10295582.0,48,5240,20,17,31,63,-92,31,2,off,1.791,2.135,2.453,ac:ed:5c:47:06:cb,-46.0,36.0,36.0,6.0,6.0,12869884.0,21345.0,
2025-08-14 14:41:06,RUN_20250814_144039_123,UDP,1,400M,,57189756.20092601,0.0,0.4500207461191934,68:54:5a:e2:f2:c0,73568307.0,58854645.0,44,5220,20,17,7,15,-92,30,1,on,2.015,2.103,2.194,68:54:5a:e2:f2:c0,-47.0,0.0,0.0,65.0,144.4,73569205.0,19449.0,7.0,UDP,1,400M,,80646004.43196455,42.6823137361927,0.4642534728315917,ac:ed:5c:47:06:cb,103740386.0,82992308.0,36,5180,20,10,31,63,-92,31,1,on,1.172,2.058,2.413,ac:ed:5c:47:06:cb,-44.0,1493.0,1493.0,6.0,6.0,103741258.0,23254.0,
2025-08-14 14:41:39,RUN_20250814_144113_124,UDP,1,400M,,168119563.84348923,1.7838932833558416,0.0359263051047853,68:54:5a:e2:f2:c0,216254165.0,173003332.0,36,5180,80,17,63,127,-91,22,1,off,1.523,1.581,1.721,68:54:5a:e2:f2:c0,-45.0,1541.0,1541.0,390.0,702.0,216255003.0,19533.0,9.0,TCP,1,,512K,44953439.90993718,0.0,,ac:ed:5c:47:06:cb,58218386.0,46574708.0,48,5240,40,10,31,63,-91,30,1,on,1.116,1.583,1.877,ac:ed:5c:47:06:cb,-44.0,2989.0,2989.0,6.0,6.0,58218792.0,207880.0,
2025-08-14 14:42:13,RUN_20250814_144146_125,TCP,4,,,58909760.42873111,0.0,,68:54:5a:e2:f2:c0,71261138.0,57008910.0,36,5180,20,17,63,127,-92,27,2,off,1.929,1.99,2.07,68:54:5a:e2:f2:c0,-56.0,3.0,3.0,65.0,144.4,71262054.0,464249.0,7.0,TCP,2,,,88712567.3228546,0.0,,ac:ed:5c:47:06:cb,112684673.0,90147738.0,48,5240,80,17,7,15,-91,30,2,on,0.899,1.757,2.129,ac:ed:5c:47:06:cb,-46.0,88.0,88.0,6.0,120.0,112685193.0,477889.0,11.0
2025-08-14 14:42:46,RUN_20250814_144220_126,UDP,1,5M,,4999615.902957547,0.0,0.2521721085857815,68:54:5a:e2:f2:c0,6437646.0,5150116.0,48,5240,40,17,31,63,-92,24,2,off,1.96,1.993,2.075,68:54:5a:e2:f2:c0,-48.0,303.0,303.0,135.0,270.0,6438490.0,20726.0,7.0,TCP,2,,,53739718.948047146,0.0,,ac:ed:5c:47:06:cb,65203908.0,52163126.0,44,5220,20,23,15,31,-91,30,1,on,1.901,2.017,2.162,ac:ed:5c:47:06:cb,-48.0,1414.0,1414.0,65.0,144.4,65204452.0,484393.0,7.0
2025-08-14 14:43:19,RUN_20250814_144253_127,UDP,1,50M,,49996129.032129034,0.009267840593141797,0.05625473765868322,68:54:5a:e2:f2:c0,64315728.0,51452582.0,48,5240,40,23,7,15,-92,24,1,off,1.942,1.985,2.08,68:54:5a:e2:f2:c0,-47.0,44.0,44.0,135.0,270.0,64316948.0,21058.0,7.0,TCP,4,,,71921890.52169184,0.0,,ac:ed:5c:47:06:cb,90403153.0,72322522.0,48,5240,40,23,15,31,-91,30,1,off,1.495,1.871,2.21,ac:ed:5c:47:06:cb,-45.0,1717.0,1717.0,6.0,6.0,90403559.0,674531.0,
2025-08-14 14:44:26,RUN_20250814_144400_129,TCP,8,,,47503371.9968169,0.0,,68:54:5a:e2:f2:c0,50805325.0,40644260.0,36,5180,40,17,63,127,-92,37,1,on,1.979,2.034,2.123,68:54:5a:e2:f2:c0,-58.0,1315.0,1315.0,135.0,300.0,50807019.0,316142.0,7.0,TCP,1,,1M,167721632.02906847,0.0,,ac:ed:5c:47:06:cb,217939347.0,174351477.0,44,5220,80,23,63,127,-90,30,1,on,1.693,2.092,2.465,ac:ed:5c:47:06:cb,-47.0,1138.0,1138.0,6.0,6.0,217939807.0,319860.0,
2025-08-14 14:44:57,RUN_20250814_144433_130,UDP,1,400M,,89086039.3116855,0.02080488914895,0.0968506591558144,68:54:5a:e2:f2:c0,114595915.0,91676732.0,36,5180,40,17,31,63,-92,33,2,on,2.006,2.073,2.167,68:54:5a:e2:f2:c0,-44.0,0.0,0.0,135.0,270.0,114597135.0,20678.0,7.0,UDP,1,50M,,49996144.03084775,15.746061167747914,0.277014316200249,ac:ed:5c:47:06:cb,64316807.0,51453445.0,36,5180,80,17,15,31,-92,41,2,on,1.36,2.178,2.567,ac:ed:5c:47:06:cb,-47.0,97.0,97.0,292.5,468.0,64317243.0,21177.0,7.0
2025-08-14 14:46:05,RUN_20250814_144538_132,TCP,1,,,53476440.16229716,0.0,,68:54:5a:e2:f2:c0,6902305.0,5521844.0,44,5220,40,10,15,31,-92,30,1,off,1.86,1.955,2.215,68:54:5a:e2:f2:c0,-59.0,2.0,2.0,135.0,300.0,6904491.0,31524.0,7.0,UDP,1,200M,,199085684.8230899,0.0546944095331192,0.03858842295034088,ac:ed:5c:47:06:cb,130480.0,104384.0,36,5180,80,23,7,15,-92,24,2,off,2.067,2.097,2.169,ac:ed:5c:47:06:cb,-46.0,0.0,0.0,6.0,6.0,132576.0,20902.0,
2025-08-14 14:46:38,RUN_20250814_144612_133,TCP,16,,,26101638.88759181,0.0,,68:54:5a:e2:f2:c0,168116.0,134492.0,40,5200,20,17,31,63,-92,30,1,on,2.031,2.073,2.196,68:54:5a:e2:f2:c0,-49.0,1.0,1.0,65.0,144.4,170499.0,22424.0,7.0,UDP,1,5M,,4999614.403084775,4.84244670991659,0.0692875128956524,ac:ed:5c:47:06:cb,955581.0,764464.0,44,5220,40,23,31,63,-92,23,2,off,1.098,1.173,1.268,ac:ed:5c:47:06:cb,-47.0,8.0,8.0,135.0,27.0,957998.0,17431.0,7.0
2025-08-14 14:47:10,RUN_20250814_144645_134,TCP,16,,,124092282.74436507,0.0,,68:54:5a:e2:f2:c0,158095.0,126476.0,44,5220,80,17,63,127,-92,30,2,off,1.561,1.599,1.695,68:54:5a:e2:f2:c0,-45.0,0.0,0.0,292.5,780.0,160910.0,24361.0,7.0,UDP,1,200M,,175319786.24470538,1.540169279866796,0.0933025882832727,ac:ed:5c:47:06:cb,4960.0,3968.0,36,5180,40,23,7,15,-92,31,1,off,1.015,1.493,1.734,ac:ed:5c:47:06:cb,-47.0,0.0,0.0,135.0,54.0,7154.0,20190.0,7.0
2025-08-14 14:47:45,RUN_20250814_144717_135,TCP,8,,,130683459.24467196,0.0,,68:54:5a:e2:f2:c0,568436.0,454748.0,36,5180,80,23,31,63,-92,38,1,on,0.999,1.383,1.729,68:54:5a:e2:f2:c0,-45.0,0.0,0.0,390.0,780.0,570890.0,22316.0,9.0,TCP,1,,1M,69774179.46792075,0.0,,ac:ed:5c:47:06:cb,89496385.0,71597108.0,36,5180,80,10,15,31,-92,31,2,off,1.44,1.545,1.786,ac:ed:5c:47:06:cb,-48.0,0.0,0.0,292.5,175.6,7073.0,18652.0,7.0
2025-08-14 14:48:18,RUN_20250814_144752_136,UDP,1,5M,,4999615.4029998565,33.13253012048193,0.853066321464852,68:54:5a:e2:f2:c0,1195782.0,956625.0,36,5180,80,10,31,63,-92,33,2,off,1.164,1.446,1.711,68:54:5a:e2:f2:c0,-45.0,30.0,30.0,292.5,702.0,1197920.0,20042.0,7.0,TCP,4,,,98886777.86998777,0.0,,ac:ed:5c:47:06:cb,121785226.0,97428180.0,36,5180,40,17,15,31,-92,30,1,off,1.201,1.542,1.687,ac:ed:5c:47:06:cb,-44.0,1.0,1.0,135.0,6.0,5513.0,16062.0,7.0
2025-08-14 14:49:24,RUN_20250814_144858_138,TCP,1,,4M,35647766.1242481,0.0,,68:54:5a:e2:f2:c0,27806.0,22244.0,48,5240,20,23,15,31,-92,29,1,on,1.927,2.047,2.181,68:54:5a:e2:f2:c0,-48.0,0.0,0.0,65.0,130.0,30204.0,16033.0,7.0,TCP,8,,,164138627.4948818,0.0,,ac:ed:5c:47:06:cb,199555714.0,159644571.0,48,5240,80,10,63,127,-92,22,1,off,2.366,2.427,2.506,ac:ed:5c:47:06:cb,-52.0,1.0,1.0,390.0,54.0,5041.0,11956.0,9.0
2025-08-14 14:51:04,RUN_20250814_145038_141,TCP,16,,,56243974.95483579,0.0,,68:54:5a:e2:f2:c0,67162792.0,53730233.0,36,5180,20,23,15,31,-92,31,1,on,1.017,1.108,1.273,68:54:5a:e2:f2:c0,-43.0,0.0,0.0,65.0,144.4,5907.0,18307.0,7.0,UDP,1,100M,,99992268.0634019,9.237720111214086,0.1248975610754745,ac:ed:5c:47:06:cb,128622053.0,102897642.0,44,5220,40,10,31,63,-92,5,1,on,2.407,2.706,3.577,,,,,,,,,
2025-08-14 14:51:36,RUN_20250814_145111_142,UDP,1,50M,,49933600.91791284,0.32014104764997914,0.13067104470754842,68:54:5a:e2:f2:c0,64231802.0,51385441.0,36,5180,80,10,63,127,-91,31,1,off,1.517,1.628,1.743,68:54:5a:e2:f2:c0,-45.0,0.0,0.0,390.0,585.0,6666.0,16326.0,9.0,TCP,2,,,150258010.76879,0.0,,ac:ed:5c:47:06:cb,193480245.0,154784196.0,44,5220,80,17,31,63,-92,5,1,on,0.94,1.394,2.527,ac:ed:5c:47:06:cb,-48.0,5804.0,5804.0,6.0,866.7,193480705.0,412844.0,9.0
2025-08-14 14:52:10,RUN_20250814_145143_143,UDP,1,10M,,9999228.80616955,0.0,0.3932350504660104,68:54:5a:e2:f2:c0,12866298.0,10293038.0,36,5180,20,23,15,31,-92,27,2,off,0.957,1.612,2.945,68:54:5a:e2:f2:c0,-43.0,0.0,0.0,65.0,117.0,5472.0,13863.0,7.0,UDP,1,5M,,4999614.403084775,3.568118628359592,0.10255122663162992,ac:ed:5c:47:06:cb,6438274.0,5150619.0,36,5180,80,23,31,63,-92,15,1,on,1.589,2.469,3.676,ac:ed:5c:47:06:cb,-43.0,0.0,0.0,6.0,6.0,337.0,182.0,
2025-08-14 14:52:45,RUN_20250814_145217_144,TCP,1,,512K,197365784.13743353,0.0,,68:54:5a:e2:f2:c0,257744794.0,206195835.0,48,5240,80,17,15,31,-92,26,1,off,0.874,1.652,2.459,68:54:5a:e2:f2:c0,-45.0,0.0,0.0,390.0,526.6,5679.0,14010.0,9.0,UDP,1,100M,,99991069.6768008,0.14944566086261427,0.06072100799554469,ac:ed:5c:47:06:cb,128625728.0,102900582.0,36,5180,80,17,63,127,-91,24,1,on,1.131,1.174,1.224,,,,,,,,,
2025-08-14 14:53:18,RUN_20250814_145252_145,UDP,1,200M,,110749115.4819877,0.008367675668891074,0.0613261168799731,68:54:5a:e2:f2:c0,142457587.0,113966069.0,36,5180,40,17,15,31,-92,40,1,on,0.892,1.645,2.044,68:54:5a:e2:f2:c0,-44.0,0.0,0.0,135.0,243.0,5740.0,14739.0,7.0,UDP,1,10M,,9999224.806511626,3.463855421686747,2.3449670005418572,ac:ed:5c:47:06:cb,12867216.0,10293772.0,48,5240,20,17,7,15,-92,21,1,on,1.182,1.256,1.301,,,,,,,,,
2025-08-14 14:53:52,RUN_20250814_145325_146,TCP,2,,,112014409.30316836,0.0,,68:54:5a:e2:f2:c0,142145398.0,113716318.0,44,5220,40,23,63,127,-88,31,1,off,1.915,1.915,1.915,68:54:5a:e2:f2:c0,-47.0,0.0,0.0,135.0,216.0,5178.0,11406.0,7.0,UDP,1,400M,,197901600.9050372,56.6117032796577,0.19945430332905145,ac:ed:5c:47:06:cb,254561444.0,203649155.0,36,5180,40,17,63,127,-91,31,1,on,3.409,3.409,3.409,ac:ed:5c:47:06:cb,-47.0,1297.0,1297.0,6.0,81.0,254561850.0,22006.0,4.0
2025-08-14 14:54:27,RUN_20250814_145359_147,TCP,1,,2M,57671057.15258275,0.0,,68:54:5a:e2:f2:c0,71556398.0,57245118.0,36,5180,20,10,15,31,-92,34,1,off,2.0,2.0,2.0,68:54:5a:e2:f2:c0,-43.0,0.0,0.0,65.0,78.0,4926.0,6780.0,7.0,UDP,1,200M,,105468011.60270834,52.9715421705273,0.21060439933993444,ac:ed:5c:47:06:cb,135667709.0,108534167.0,44,5220,20,17,31,63,-92,24,1,off,2.733,2.733,2.733,ac:ed:5c:47:06:cb,-44.0,1.0,1.0,6.0,6.0,135668115.0,23198.0,
2025-08-14 14:55:00,RUN_20250814_145434_148,UDP,1,100M,,57241895.23740668,0.0,0.08886437863986305,68:54:5a:e2:f2:c0,73633118.0,58906494.0,48,5240,20,17,63,127,-90,30,1,off,,,,68:54:5a:e2:f2:c0,-47.0,0.0,0.0,65.0,78.0,4722.0,6193.0,7.0,UDP,1,200M,,77599421.28474545,34.0802221260207,0.237500041217871,ac:ed:5c:47:06:cb,99822067.0,79857653.0,36,5180,20,10,15,31,-92,29,1,on,,,,ac:ed:5c:47:06:cb,-46.0,38.0,38.0,65.0,52.0,99822909.0,22613.0,7.0
2025-08-14 14:55:35,RUN_20250814_145508_149,UDP,1,200M,,87576656.1867505,1.6811724557551389,0.0119728914459815,68:54:5a:e2:f2:c0,112652194.0,90121755.0,36,5180,80,10,15,31,-92,38,2,on,,,,68:54:5a:e2:f2:c0,-44.0,0.0,0.0,292.5,234.0,755.0,1671.0,7.0,TCP,1,,,35046442.24141526,0.0,,ac:ed:5c:47:06:cb,43572343.0,34857874.0,36,5180,20,23,63,127,-92,29,2,on,,,,ac:ed:5c:47:06:cb,-51.0,0.0,0.0,6.0,6.0,43573155.0,224561.0,
2025-08-14 14:56:08,RUN_20250814_145542_150,TCP,1,,,111357446.04639205,0.0,,68:54:5a:e2:f2:c0,143153426.0,114522740.0,44,5220,40,17,63,127,-91,30,1,on,1.176,1.176,1.176,68:54:5a:e2:f2:c0,-49.0,0.0,0.0,135.0,6.0,793.0,1419.0,7.0,TCP,4,,,89800479.0346348,0.0,,ac:ed:5c:47:06:cb,112766798.0,90213438.0,36,5180,40,10,31,63,-91,28,1,off,1.282,1.282,1.282,ac:ed:5c:47:06:cb,-48.0,2887.0,2891.0,6.0,300.0,112767688.0,883991.0,15.0
2025-08-14 14:56:42,RUN_20250814_145615_151,UDP,1,200M,,105642245.61636491,0.09649440222814347,0.01472327125869227,68:54:5a:e2:f2:c0,135889529.0,108711623.0,48,5240,40,10,15,31,-91,30,1,on,2.097,2.143,2.19,68:54:5a:e2:f2:c0,-45.0,0.0,0.0,6.0,6.0,505.0,1016.0,,UDP,1,5M,,4999613.903127384,3.0120481927710845,0.04097246881032803,ac:ed:5c:47:06:cb,6438934.0,5151147.0,48,5240,40,17,63,127,-92,27,1,off,2.159,2.266,2.374,ac:ed:5c:47:06:cb,-46.0,25.0,25.0,6.0,121.5,6439340.0,24105.0,6.0
2025-08-14 14:58:58,RUN_20250814_145838_155,TCP,1,,2M,297792248.72681427,0.0,,68:54:5a:e2:f2:c0,386249956.0,308999964.0,44,5220,80,10,7,15,-92,29,1,on,0.96,1.028,1.171,68:54:5a:e2:f2:c0,-58.0,1570.0,1570.0,390.0,866.7,386250794.0,449273.0,9.0,UDP,1,5M,,4999614.903042266,5.861909175162187,0.05557945918527108,ac:ed:5c:47:06:cb,977896.0,782316.0,44,5220,20,17,63,127,-91,38,2,off,1.713,1.753,1.803,ac:ed:5c:47:06:cb,-47.0,1.0,1.0,65.0,26.0,978373.0,14115.0,7.0
2025-08-14 14:59:31,RUN_20250814_145906_156,TCP,1,,512K,37856084.22624824,0.0,,68:54:5a:e2:f2:c0,49489054.0,39591243.0,48,5240,20,10,7,15,-92,29,1,on,2.011,2.085,2.179,68:54:5a:e2:f2:c0,-49.0,9590.0,9590.0,65.0,144.4,49489892.0,130308.0,7.0,UDP,1,400M,,73744312.44550043,24.347716812491164,0.6285110483570513,ac:ed:5c:47:06:cb,95836827.0,76669461.0,44,5220,20,23,31,63,-91,38,1,off,2.147,2.176,2.221,ac:ed:5c:47:06:cb,-47.0,0.0,0.0,65.0,26.0,5291.0,14212.0,7.0
2025-08-14 15:00:05,RUN_20250814_145938_157,TCP,1,,512K,92954748.3158692,0.0,,68:54:5a:e2:f2:c0,121005687.0,96804549.0,44,5220,80,17,15,31,-92,29,2,off,1.463,1.536,1.668,68:54:5a:e2:f2:c0,-59.0,233.0,233.0,292.5,866.7,121006961.0,150957.0,7.0,TCP,2,,,78394804.39117983,0.0,,ac:ed:5c:47:06:cb,98098467.0,78478773.0,44,5220,80,10,31,63,-91,38,2,on,1.635,1.683,1.757,ac:ed:5c:47:06:cb,-53.0,0.0,0.0,6.0,6.0,5976.0,15304.0,
2025-08-14 15:00:38,RUN_20250814_150012_158,TCP,4,,,161934397.53474763,0.0,,68:54:5a:e2:f2:c0,204409294.0,163527435.0,36,5180,80,23,7,15,-92,33,2,off,1.501,1.566,1.669,68:54:5a:e2:f2:c0,-56.0,3135.0,3135.0,292.5,866.7,204410270.0,360513.0,7.0,TCP,16,,,20204574.386022244,0.0,,ac:ed:5c:47:06:cb,22786611.0,18229288.0,40,5200,20,10,15,31,-91,38,2,off,1.591,1.628,1.709,ac:ed:5c:47:06:cb,-49.0,3.0,3.0,6.0,6.0,4736.0,10749.0,
2025-08-14 15:01:09,RUN_20250814_150045_159,TCP,1,,2M,72350752.7946867,0.0,,68:54:5a:e2:f2:c0,91929383.0,73543506.0,48,5240,40,23,31,63,-92,25,1,on,1.988,2.042,2.124,68:54:5a:e2:f2:c0,-60.0,3739.0,3739.0,135.0,300.0,91930359.0,157576.0,7.0,TCP,1,,1M,76498674.915636,0.0,,ac:ed:5c:47:06:cb,98951372.0,79161097.0,36,5180,80,17,15,31,-92,17,2,off,1.588,2.186,2.702,ac:ed:5c:47:06:cb,-43.0,1.0,1.0,292.5,48.0,4802.0,12186.0,7.0
2025-08-14 15:01:43,RUN_20250814_150117_160,UDP,1,200M,,64984880.146871544,0.01604306672133193,0.20821723733637712,68:54:5a:e2:f2:c0,83594577.0,66875661.0,48,5240,80,17,7,15,-92,25,2,off,1.924,1.974,2.082,68:54:5a:e2:f2:c0,-47.0,688.0,688.0,135.0,270.0,83595448.0,19240.0,7.0,TCP,4,,,40994117.471766844,0.0,,ac:ed:5c:47:06:cb,49866921.0,39893536.0,48,5240,20,23,63,127,-92,13,2,off,2.246,2.362,2.48,ac:ed:5c:47:06:cb,-44.0,1.0,1.0,65.0,48.0,4703.0,12037.0,7.0
2025-08-14 15:02:17,RUN_20250814_150150_161,UDP,1,400M,,70773429.46642633,0.014730915280869452,0.21595293093932894,68:54:5a:e2:f2:c0,91039952.0,72831961.0,36,5180,40,10,7,15,-92,29,1,off,1.935,2.173,2.844,68:54:5a:e2:f2:c0,-44.0,1037.0,1037.0,135.0,270.0,91040736.0,17409.0,7.0,TCP,1,,2M,36619991.39039174,0.0,,ac:ed:5c:47:06:cb,46351359.0,37081087.0,40,5200,20,23,31,63,-92,13,2,on,2.028,2.24,2.484,ac:ed:5c:47:06:cb,-48.0,0.0,0.0,65.0,26.0,5287.0,13664.0,7.0
2025-08-14 15:02:51,RUN_20250814_150224_162,UDP,1,400M,,57094773.860763885,0.0,0.3964788408725718,68:54:5a:e2:f2:c0,73446898.0,58757518.0,48,5240,20,10,31,63,-92,23,2,on,1.448,1.824,2.2,68:54:5a:e2:f2:c0,-48.0,0.0,0.0,65.0,144.4,73447736.0,19909.0,7.0,UDP,1,5M,,4999614.403084775,2.479147358665431,0.06924079102475757,ac:ed:5c:47:06:cb,6440720.0,5152576.0,40,5200,20,17,15,31,-92,13,2,on,2.33,2.368,2.385,ac:ed:5c:47:06:cb,-48.0,0.0,0.0,65.0,6.0,3910.0,4090.0,7.0
2025-08-14 15:04:30,RUN_20250814_150403_165,UDP,1,10M,,9999229.80608453,0.05792400370713624,1.7748059205040096,68:54:5a:e2:f2:c0,12868199.0,10294559.0,48,5240,80,10,15,31,-92,30,2,off,1.547,2.558,5.524,68:54:5a:e2:f2:c0,-45.0,488.0,488.0,292.5,780.0,12869220.0,21282.0,7.0,TCP,2,,,101242469.25076352,0.0,,ac:ed:5c:47:06:cb,127900638.0,102320510.0,36,5180,40,23,7,15,-92,39,1,off,1.808,1.916,1.986,ac:ed:5c:47:06:cb,-43.0,0.0,0.0,135.0,6.0,1291.0,1411.0,7.0
2025-08-14 15:05:03,RUN_20250814_150437_166,TCP,4,,,69659164.9646131,0.0,,68:54:5a:e2:f2:c0,86448697.0,69158957.0,48,5240,40,23,15,31,-92,30,1,on,2.022,2.06,2.146,68:54:5a:e2:f2:c0,-61.0,2784.0,2784.0,135.0,300.0,86449613.0,293556.0,7.0,UDP,1,100M,,19756346.04669321,0.08208736440926415,0.4171312070331146,ac:ed:5c:47:06:cb,25417187.0,20333749.0,44,5220,20,10,7,15,-92,29,2,off,2.253,2.275,2.334,,,,,,,,,
2025-08-14 15:05:37,RUN_20250814_150510_167,TCP,1,,1M,41035651.11888676,0.0,,68:54:5a:e2:f2:c0,52142733.0,41714186.0,44,5220,20,10,63,127,-92,30,2,on,0.921,1.991,2.797,68:54:5a:e2:f2:c0,-58.0,9417.0,9417.0,65.0,144.4,52144007.0,133718.0,7.0,TCP,1,,1M,45378485.46056663,0.0,,ac:ed:5c:47:06:cb,58203749.0,46562999.0,40,5200,20,23,31,63,-92,29,1,on,1.129,1.219,1.413,ac:ed:5c:47:06:cb,-50.0,1253.0,1255.0,6.0,6.0,58204155.0,281673.0,
2025-08-14 15:06:08,RUN_20250814_150544_168,UDP,1,100M,,84581066.20957695,0.01780431686205763,0.044908937600199046,68:54:5a:e2:f2:c0,108800992.0,87040793.0,48,5240,40,17,7,15,-92,30,1,off,1.928,2.118,2.479,68:54:5a:e2:f2:c0,-48.0,401.0,401.0,135.0,270.0,108801830.0,20606.0,7.0,TCP,2,,,116807408.18220782,0.0,,ac:ed:5c:47:06:cb,150107026.0,120085620.0,44,5220,80,17,31,63,-92,29,2,off,1.213,1.965,2.238,ac:ed:5c:47:06:cb,-44.0,2.0,2.0,6.0,6.0,526.0,1142.0,
2025-08-14 15:06:42,RUN_20250814_150615_169,TCP,1,,1M,43329466.70997285,0.0,,68:54:5a:e2:f2:c0,54375751.0,43500600.0,36,5180,40,17,15,31,-92,20,2,on,1.947,2.028,2.143,68:54:5a:e2:f2:c0,-57.0,776.0,776.0,135.0,300.0,54377489.0,103225.0,7.0,TCP,4,,,33114760.242544916,0.0,,ac:ed:5c:47:06:cb,40633992.0,32507193.0,40,5200,20,10,31,63,-92,29,1,off,2.316,2.375,2.441,,,,,,,,,
2025-08-14 15:08:21,RUN_20250814_150756_172,TCP,2,,,23246483.6687158,0.0,,68:54:5a:e2:f2:c0,25841807.0,20673445.0,44,5220,20,10,31,63,-92,17,1,off,1.92,1.977,2.105,68:54:5a:e2:f2:c0,-58.0,112.0,112.0,65.0,144.4,25843611.0,100792.0,7.0,TCP,1,,,34745686.81469778,0.0,,ac:ed:5c:47:06:cb,44016115.0,35212892.0,44,5220,20,17,15,31,-92,5,2,on,2.367,2.434,2.479,ac:ed:5c:47:06:cb,-45.0,0.0,0.0,6.0,6.0,44016521.0,228958.0,
2025-08-14 15:08:56,RUN_20250814_150828_173,TCP,1,,512K,9863594.50986102,0.0,,68:54:5a:e2:f2:c0,3795966.0,3036772.0,36,5180,20,17,31,63,-92,19,1,on,1.68,1.944,2.067,68:54:5a:e2:f2:c0,-55.0,428.0,428.0,65.0,144.4,3798356.0,28214.0,7.0,TCP,8,,,166084250.527817,0.0,,ac:ed:5c:47:06:cb,211497014.0,169197611.0,48,5240,80,10,63,127,-92,5,1,on,1.218,2.591,6.584,ac:ed:5c:47:06:cb,-50.0,1248.0,1248.0,6.0,6.0,211498886.0,715911.0,
2025-08-14 15:09:28,RUN_20250814_150903_174,TCP,4,,,59975320.34551516,0.0,,68:54:5a:e2:f2:c0,57764477.0,46211581.0,36,5180,80,23,7,15,-92,18,2,on,0.999,1.825,2.265,68:54:5a:e2:f2:c0,-44.0,420.0,420.0,135.0,135.0,57766305.0,256953.0,7.0,TCP,8,,,92196877.5452756,0.0,,ac:ed:5c:47:06:cb,107541300.0,86033040.0,44,5220,40,17,7,15,-92,5,1,on,1.204,1.331,1.534,ac:ed:5c:47:06:cb,-45.0,2153.0,2153.0,6.0,300.0,107541706.0,1380689.0,15.0
2025-08-14 15:11:08,RUN_20250814_151043_177,UDP,1,100M,,99314649.3457351,31.996267568670905,0.13527800180150415,68:54:5a:e2:f2:c0,99796433.0,79837146.0,36,5180,80,10,31,63,-92,17,1,off,1.077,1.391,1.689,68:54:5a:e2:f2:c0,-45.0,2006.0,2006.0,390.0,702.0,99798679.0,23237.0,9.0,TCP,2,,,31056017.66200967,0.0,,ac:ed:5c:47:06:cb,38991028.0,31192822.0,48,5240,20,23,7,15,-92,32,1,on,1.408,1.94,2.248,ac:ed:5c:47:06:cb,-44.0,0.0,0.0,65.0,6.0,7191.0,18034.0,7.0
2025-08-14 15:12:14,RUN_20250814_151147_179,TCP,1,,4M,34599305.87427145,0.0,,68:54:5a:e2:f2:c0,30205.0,24164.0,48,5240,20,17,15,31,-83,14,2,off,0.971,1.574,2.241,68:54:5a:e2:f2:c0,-47.0,0.0,0.0,65.0,144.4,32660.0,18911.0,7.0,UDP,1,400M,,64201489.5880833,12.151994659256987,0.15138744190872727,ac:ed:5c:47:06:cb,82585465.0,66068372.0,40,5200,20,17,63,127,-92,16,1,on,2.108,2.155,2.284,ac:ed:5c:47:06:cb,-49.0,0.0,0.0,65.0,26.0,5373.0,15552.0,7.0
2025-08-14 15:12:47,RUN_20250814_151222_180,UDP,1,200M,,184030097.36524054,79.93856496314527,0.01298418297006239,68:54:5a:e2:f2:c0,35637849.0,28510279.0,48,5240,80,10,7,15,-83,14,2,on,1.091,1.312,1.767,68:54:5a:e2:f2:c0,-46.0,63.0,63.0,292.5,585.0,35640451.0,18128.0,7.0,UDP,1,100M,,41219013.32599206,2.130230728156704,0.05024985845897772,ac:ed:5c:47:06:cb,53023084.0,42418467.0,36,5180,80,23,63,127,-91,35,2,on,1.866,1.891,1.923,ac:ed:5c:47:06:cb,-51.0,0.0,0.0,292.5,48.0,4958.0,16161.0,7.0
2025-08-14 15:13:54,RUN_20250814_151328_182,UDP,1,50M,,49045355.36846943,0.0,0.13442168681500571,68:54:5a:e2:f2:c0,5652.0,4521.0,36,5180,40,10,7,15,-92,32,2,off,1.918,1.976,2.118,68:54:5a:e2:f2:c0,-45.0,1.0,1.0,135.0,270.0,7462.0,19260.0,7.0,TCP,16,,,180265187.22219166,0.0,,ac:ed:5c:47:06:cb,226553421.0,181242736.0,44,5220,80,10,31,63,-91,26,1,off,2.162,2.684,3.22,ac:ed:5c:47:06:cb,-42.0,0.0,0.0,390.0,6.0,586.0,1218.0,9.0
2025-08-14 15:14:59,RUN_20250814_151433_184,TCP,16,,,45575050.48884886,0.0,,68:54:5a:e2:f2:c0,50704173.0,40563338.0,36,5180,20,23,63,127,-92,33,1,on,0.81,2.044,3.36,68:54:5a:e2:f2:c0,-44.0,0.0,0.0,65.0,117.0,5816.0,14087.0,7.0,UDP,1,400M,,135537067.64991736,6.920276229872483,2.2774722727866146,ac:ed:5c:47:06:cb,174341195.0,139472956.0,48,5240,80,17,31,63,-92,16,1,off,1.409,2.062,2.395,ac:ed:5c:47:06:cb,-46.0,1.0,1.0,390.0,24.0,4755.0,5665.0,9.0
2025-08-14 15:15:34,RUN_20250814_151506_185,UDP,1,100M,,99991129.67096263,0.010426441455531227,0.0588311597913577,68:54:5a:e2:f2:c0,128619543.0,102895634.0,44,5220,40,23,63,127,-92,31,2,on,2.012,2.053,2.157,68:54:5a:e2:f2:c0,-47.0,0.0,0.0,135.0,243.0,5472.0,13682.0,7.0,UDP,1,5M,,4953278.77376981,3.62488306828812,3.221421114406674,ac:ed:5c:47:06:cb,6377682.0,5102145.0,36,5180,80,23,15,31,-91,38,2,off,1.846,2.299,3.156,ac:ed:5c:47:06:cb,-51.0,1.0,1.0,6.0,6.0,5505.0,9044.0,
2025-08-14 15:16:07,RUN_20250814_151541_186,TCP,1,,1M,170415459.76810348,0.0,,68:54:5a:e2:f2:c0,222263977.0,177811181.0,36,5180,80,23,7,15,-92,39,1,on,0.893,1.74,2.736,68:54:5a:e2:f2:c0,-45.0,0.0,0.0,390.0,526.6,5085.0,13568.0,9.0,TCP,1,,,139668451.642748,0.0,,ac:ed:5c:47:06:cb,182312272.0,145849817.0,36,5180,80,17,15,31,-92,33,1,on,1.907,2.276,2.645,ac:ed:5c:47:06:cb,-44.0,0.0,0.0,390.0,6.0,4155.0,4135.0,9.0
2025-08-14 15:18:57,RUN_20250814_151829_191,TCP,1,,,40998825.514211275,0.0,,68:54:5a:e2:f2:c0,49951463.0,39961170.0,48,5240,20,17,15,31,-92,26,1,off,2.311,2.311,2.311,68:54:5a:e2:f2:c0,-48.0,0.0,0.0,65.0,78.0,4876.0,10640.0,7.0,UDP,1,100M,,98810680.10921907,17.754982415005863,0.026506195988904326,ac:ed:5c:47:06:cb,127104504.0,101683603.0,36,5180,80,17,31,63,-92,12,1,on,2.058,2.063,2.068,ac:ed:5c:47:06:cb,-45.0,0.0,0.0,390.0,18.0,4488.0,5111.0,9.0
2025-08-14 15:20:05,RUN_20250814_151937_193,TCP,8,,,46981842.21063036,0.0,,68:54:5a:e2:f2:c0,51881047.0,41504837.0,40,5200,20,17,63,127,-92,26,1,off,,,,68:54:5a:e2:f2:c0,-46.0,0.0,0.0,65.0,78.0,4447.0,4238.0,7.0,UDP,1,200M,,64933566.55804092,14.186067255374185,0.157797804874978,ac:ed:5c:47:06:cb,83527181.0,66821744.0,36,5180,80,10,31,63,-92,32,2,off,,,,,,,,,,,,
2025-08-14 15:20:40,RUN_20250814_152012_194,TCP,1,,512K,42547232.1120363,0.0,,68:54:5a:e2:f2:c0,55138769.0,44111015.0,48,5240,20,10,7,15,-92,26,2,on,,,,68:54:5a:e2:f2:c0,-47.0,0.0,0.0,65.0,52.0,1087.0,1267.0,7.0,TCP,1,,2M,51529415.36464648,0.0,,ac:ed:5c:47:06:cb,66691304.0,53353043.0,48,5240,80,23,31,63,-91,26,2,on,,,,ac:ed:5c:47:06:cb,-44.0,0.0,0.0,6.0,6.0,526.0,1162.0,
2025-08-14 15:21:13,RUN_20250814_152047_195,UDP,1,50M,,49975302.99263666,0.0857632933104631,0.17559321201976924,68:54:5a:e2:f2:c0,64287459.0,51429967.0,48,5240,40,23,7,15,-92,26,2,off,2.114,2.114,2.114,68:54:5a:e2:f2:c0,-47.0,0.0,0.0,6.0,6.0,505.0,1120.0,,TCP,1,,,177731374.8115399,0.0,,ac:ed:5c:47:06:cb,230616917.0,184493533.0,48,5240,80,10,7,15,-91,26,1,on,,,,,,,,,,,,
2025-08-14 15:21:47,RUN_20250814_152120_196,UDP,1,50M,,49996149.030422665,0.06487488415199258,0.10563210194232381,68:54:5a:e2:f2:c0,64313559.0,51450847.0,36,5180,40,10,31,63,-92,28,1,on,2.067,2.125,2.183,,,,,,,,,,UDP,1,100M,,99991079.67582275,16.275675112084247,0.4489068840582533,ac:ed:5c:47:06:cb,128622575.0,102898060.0,48,5240,40,23,63,127,-91,26,2,on,2.191,2.246,2.301,ac:ed:5c:47:06:cb,-46.0,618.0,618.0,6.0,6.0,128622981.0,20703.0,
2025-08-14 15:22:21,RUN_20250814_152154_197,UDP,1,200M,,84950601.3853092,0.03136292356991886,0.0752115021837324,68:54:5a:e2:f2:c0,109274703.0,87419762.0,44,5220,40,23,7,15,-92,22,1,on,2.195,2.195,2.195,68:54:5a:e2:f2:c0,-44.0,0.0,0.0,135.0,6.0,636.0,1573.0,7.0,UDP,1,200M,,134297623.2857041,37.71369917366778,0.060005278256164425,ac:ed:5c:47:06:cb,172750057.0,138200045.0,44,5220,80,23,7,15,-91,26,2,off,2.202,2.202,2.202,ac:ed:5c:47:06:cb,-45.0,198.0,198.0,6.0,6.0,172750517.0,21435.0,
2025-08-14 15:22:55,RUN_20250814_152228_198,TCP,1,,1M,55266396.31757782,0.0,,68:54:5a:e2:f2:c0,70739887.0,56591909.0,36,5180,20,23,7,15,-92,29,2,on,1.068,1.108,1.149,68:54:5a:e2:f2:c0,-44.0,0.0,0.0,6.0,52.0,505.0,964.0,11.0,TCP,1,,512K,97602147.33444673,0.0,,ac:ed:5c:47:06:cb,126969851.0,101575880.0,48,5240,40,17,7,15,-91,26,2,on,1.28,1.28,1.28,ac:ed:5c:47:06:cb,-44.0,0.0,0.0,6.0,300.0,126970693.0,425114.0,15.0
2025-08-14 15:24:04,RUN_20250814_152337_200,TCP,2,,,57851522.711043544,0.0,,68:54:5a:e2:f2:c0,71326609.0,57061287.0,40,5200,20,10,31,63,-91,26,1,on,1.622,1.925,2.17,68:54:5a:e2:f2:c0,-58.0,504.0,504.0,65.0,144.4,71327409.0,242825.0,7.0,UDP,1,5M,,4999614.403084775,5.074142724745134,0.07782168381665576,ac:ed:5c:47:06:cb,6440412.0,5152329.0,48,5240,40,17,31,63,-91,26,2,on,1.181,1.494,1.948,ac:ed:5c:47:06:cb,-43.0,0.0,0.0,6.0,6.0,6440878.0,22119.0,
2025-08-14 15:25:42,RUN_20250814_152516_203,TCP,1,,512K,161189731.98370695,0.0,,68:54:5a:e2:f2:c0,210263932.0,168211145.0,44,5220,80,10,7,15,-92,23,2,off,0.869,0.922,1.007,68:54:5a:e2:f2:c0,-59.0,362.0,362.0,292.5,866.7,210264672.0,279484.0,7.0,TCP,16,,,45377417.83130998,0.0,,ac:ed:5c:47:06:cb,15896684.0,12717347.0,44,5220,40,17,63,127,-91,26,2,off,0.915,1.008,1.104,ac:ed:5c:47:06:cb,-44.0,4.0,4.0,135.0,300.0,15898726.0,320895.0,7.0
2025-08-14 15:26:15,RUN_20250814_152549_204,TCP,4,,,256338504.2301929,0.0,,68:54:5a:e2:f2:c0,323249229.0,258599383.0,44,5220,80,17,15,31,-92,23,2,off,0.989,1.45,1.783,68:54:5a:e2:f2:c0,-59.0,492.0,492.0,292.5,866.7,323249969.0,464263.0,7.0,UDP,1,10M,,,,,ac:ed:5c:47:06:cb,505.0,404.0,36,5180,40,10,15,31,-92,37,2,on,1.568,1.615,1.677,ac:ed:5c:47:06:cb,-46.0,1.0,1.0,6.0,40.5,4663.0,16257.0,2.0
2025-08-14 15:27:23,RUN_20250814_152656_206,UDP,1,10M,,9999229.80608453,0.011584800741427247,0.10709535583710403,68:54:5a:e2:f2:c0,12868729.0,10294983.0,44,5220,80,10,31,63,-92,23,2,off,0.844,1.426,1.692,68:54:5a:e2:f2:c0,-45.0,77.0,77.0,292.5,702.0,12869553.0,20496.0,7.0,UDP,1,100M,,50285741.71406628,13.135222299009445,0.28405272669981024,ac:ed:5c:47:06:cb,64685725.0,51748580.0,44,5220,20,10,31,63,-92,21,2,off,1.631,1.684,1.764,ac:ed:5c:47:06:cb,-43.0,1.0,1.0,6.0,6.0,505.0,1204.0,
2025-08-14 15:29:02,RUN_20250814_152836_209,TCP,1,,4M,189789371.20155773,0.0,,68:54:5a:e2:f2:c0,243590805.0,194872644.0,48,5240,80,17,7,15,-88,32,1,off,1.467,1.61,1.74,68:54:5a:e2:f2:c0,-45.0,525.0,525.0,390.0,866.7,243591545.0,306696.0,9.0,TCP,1,,1M,34274951.61133553,0.0,,ac:ed:5c:47:06:cb,43606979.0,34885583.0,48,5240,20,10,31,63,-91,31,1,off,1.601,1.668,1.752,ac:ed:5c:47:06:cb,-46.0,15.0,15.0,6.0,144.4,43607182.0,229598.0,15.0
2025-08-14 15:29:34,RUN_20250814_152910_210,TCP,2,,,52071370.99399142,0.0,,68:54:5a:e2:f2:c0,63228204.0,50582563.0,36,5180,20,23,63,127,-92,38,2,on,2.018,2.065,2.158,68:54:5a:e2:f2:c0,-55.0,58.0,58.0,65.0,144.4,63228944.0,225025.0,7.0,UDP,1,100M,,71185398.84264973,23.615179326954372,0.135876896709345,ac:ed:5c:47:06:cb,91571398.0,73257118.0,36,5180,80,10,7,15,-92,45,1,on,1.116,1.157,1.234,ac:ed:5c:47:06:cb,-43.0,137.0,137.0,6.0,6.0,91571858.0,22408.0,
2025-08-14 15:30:08,RUN_20250814_152941_211,UDP,1,400M,,80893121.8526979,0.02291213197388017,0.1887784836361322,68:54:5a:e2:f2:c0,104056670.0,83245336.0,36,5180,40,10,63,127,-92,37,2,off,1.768,2.121,2.829,68:54:5a:e2:f2:c0,-45.0,80.0,80.0,135.0,270.0,104057416.0,18235.0,7.0,UDP,1,50M,,49996114.0334193,17.588044485634846,0.34386302564684645,ac:ed:5c:47:06:cb,64317415.0,51453932.0,36,5180,40,10,31,63,-92,39,1,on,1.159,2.01,2.565,ac:ed:5c:47:06:cb,-46.0,0.0,0.0,6.0,81.0,64318305.0,21484.0,4.0
2025-08-14 15:30:42,RUN_20250814_153015_212,TCP,4,,,58523953.250584364,0.0,,68:54:5a:e2:f2:c0,72681296.0,58145036.0,44,5220,20,23,7,15,-92,34,1,on,1.693,1.935,2.152,68:54:5a:e2:f2:c0,-58.0,0.0,0.0,65.0,144.4,72682036.0,492555.0,7.0,TCP,1,,2M,45222257.54403824,0.0,,ac:ed:5c:47:06:cb,57237787.0,45790229.0,36,5180,20,17,15,31,-91,34,1,on,1.399,2.147,2.434,ac:ed:5c:47:06:cb,-47.0,0.0,0.0,6.0,6.0,57238599.0,296260.0,
2025-08-14 15:31:13,RUN_20250814_153049_213,TCP,1,,2M,78641579.98345234,0.0,,68:54:5a:e2:f2:c0,100514665.0,80411732.0,36,5180,40,10,63,127,-92,50,2,on,1.01,1.121,1.351,68:54:5a:e2:f2:c0,-56.0,87.0,87.0,135.0,300.0,100515465.0,171829.0,7.0,UDP,1,200M,,115261036.3117095,43.961367222439975,0.10530709198215532,ac:ed:5c:47:06:cb,148264640.0,118611712.0,36,5180,40,17,15,31,-92,35,1,off,2.384,2.427,2.469,ac:ed:5c:47:06:cb,-46.0,301.0,301.0,135.0,81.0,148264640.0,21227.0,7.0
2025-08-14 15:31:47,RUN_20250814_153121_214,TCP,1,,1M,118444706.24070077,0.0,,68:54:5a:e2:f2:c0,153960059.0,123168047.0,44,5220,80,10,63,127,-92,40,2,on,1.595,1.646,1.767,68:54:5a:e2:f2:c0,-59.0,1346.0,1347.0,292.5,866.7,153960955.0,240022.0,7.0,UDP,1,400M,,201600300.15897948,34.836870956249925,0.0190094879167773,ac:ed:5c:47:06:cb,259320570.0,207456456.0,36,5180,80,10,15,31,-91,34,1,on,2.092,2.124,2.18,ac:ed:5c:47:06:cb,-41.0,1715.0,1715.0,390.0,6.0,259320570.0,21837.0,9.0
2025-08-14 15:32:21,RUN_20250814_153155_215,TCP,1,,2M,56622232.01762693,0.0,,68:54:5a:e2:f2:c0,70809337.0,56647469.0,44,5220,20,23,7,15,-92,40,2,off,0.809,1.683,2.078,68:54:5a:e2:f2:c0,-56.0,795.0,795.0,65.0,144.4,70810077.0,157541.0,7.0,UDP,1,10M,,9999225.806425806,9.279425393883225,0.0939724305324509,ac:ed:5c:47:06:cb,12870606.0,10296484.0,40,5200,20,17,63,127,-92,33,2,on,1.427,1.593,1.836,ac:ed:5c:47:06:cb,-46.0,25.0,25.0,6.0,6.0,12871012.0,20429.0,
2025-08-14 15:33:27,RUN_20250814_153300_217,TCP,8,,,107490057.29686552,0.0,,68:54:5a:e2:f2:c0,128730280.0,102984224.0,48,5240,40,23,63,127,-92,40,2,off,0.996,1.613,2.11,68:54:5a:e2:f2:c0,-47.0,5373.0,5373.0,135.0,300.0,128731020.0,687459.0,7.0,TCP,1,,1M,46681362.61883996,0.0,,ac:ed:5c:47:06:cb,59839088.0,47871270.0,40,5200,20,23,15,31,-92,33,2,off,1.154,1.23,1.333,ac:ed:5c:47:06:cb,-47.0,958.0,958.0,6.0,130.0,59839930.0,299594.0,14.0
2025-08-14 15:34:01,RUN_20250814_153334_218,UDP,1,50M,,49996149.030422665,0.009267840593141797,0.04636576868698199,68:54:5a:e2:f2:c0,64316136.0,51452908.0,48,5240,40,10,15,31,-92,40,1,off,1.638,1.883,2.087,68:54:5a:e2:f2:c0,-47.0,335.0,335.0,135.0,270.0,64316882.0,19618.0,7.0,TCP,1,,1M,41260570.97737666,0.0,,ac:ed:5c:47:06:cb,52095508.0,41676406.0,48,5240,20,23,31,63,-92,33,2,off,2.027,2.086,2.14,ac:ed:5c:47:06:cb,-46.0,1.0,1.0,65.0,144.4,52096350.0,262020.0,7.0
2025-08-14 15:34:34,RUN_20250814_153408_219,TCP,1,,,3204034.11373224,0.0,,68:54:5a:e2:f2:c0,4028652.0,3222921.0,36,5180,80,10,63,127,-92,36,2,off,1.28,1.479,1.737,68:54:5a:e2:f2:c0,-58.0,1318.0,1321.0,6.0,866.7,4029452.0,113504.0,9.0,TCP,16,,,75405022.49169412,0.0,,ac:ed:5c:47:06:cb,97348060.0,77878448.0,48,5240,80,23,7,15,-92,33,2,on,1.487,1.507,1.562,ac:ed:5c:47:06:cb,-45.0,1687.0,1687.0,6.0,6.0,97348580.0,2122958.0,
2025-08-14 15:35:05,RUN_20250814_153441_220,UDP,1,400M,,111336419.64228483,0.029132375433083973,0.15336472197889311,68:54:5a:e2:f2:c0,143216214.0,114572971.0,36,5180,40,23,15,31,-91,33,1,off,1.925,1.984,2.096,68:54:5a:e2:f2:c0,-44.0,1.0,1.0,135.0,270.0,143217014.0,18029.0,7.0,TCP,16,,,43699774.74446006,0.0,,ac:ed:5c:47:06:cb,54564208.0,43651366.0,48,5240,20,23,31,63,-92,33,2,off,1.301,1.936,2.198,ac:ed:5c:47:06:cb,-43.0,1009.0,1009.0,6.0,6.0,54564614.0,1243382.0,
2025-08-14 15:35:39,RUN_20250814_153513_221,TCP,1,,,126560693.23468989,0.0,,68:54:5a:e2:f2:c0,163539906.0,130831924.0,48,5240,80,17,15,31,-92,30,1,on,1.296,1.533,1.76,68:54:5a:e2:f2:c0,-58.0,1174.0,1174.0,390.0,866.7,163541558.0,217162.0,9.0,UDP,1,200M,,44841296.30137032,24.82045982950142,0.228098054118741,ac:ed:5c:47:06:cb,57685967.0,46148773.0,40,5200,20,17,7,15,-92,33,2,on,1.83,3.353,7.792,ac:ed:5c:47:06:cb,-48.0,656.0,656.0,6.0,6.0,57686433.0,21692.0,
2025-08-14 15:36:13,RUN_20250814_153546_222,TCP,16,,,38777989.5855635,0.0,,68:54:5a:e2:f2:c0,44447312.0,35557849.0,48,5240,20,10,31,63,-92,30,2,off,0.871,1.451,2.066,68:54:5a:e2:f2:c0,-59.0,5.0,5.0,65.0,144.4,44448112.0,857705.0,7.0,UDP,1,200M,,39673720.24286603,33.189290198253964,1.0041802933116895,ac:ed:5c:47:06:cb,51040150.0,40832120.0,48,5240,20,10,15,31,-92,33,2,off,2.011,2.076,2.198,ac:ed:5c:47:06:cb,-44.0,239.0,241.0,6.0,6.0,51040616.0,19607.0,
2025-08-14 15:36:45,RUN_20250814_153620_223,UDP,1,400M,,104098793.61953041,1.3331107772770268,1.2944795654073569,68:54:5a:e2:f2:c0,133906087.0,107124869.0,36,5180,80,10,7,15,-92,46,2,off,1.188,1.459,1.732,68:54:5a:e2:f2:c0,-45.0,52.0,52.0,292.5,702.0,133906887.0,19427.0,7.0,TCP,16,,,227955051.7933163,0.0,,ac:ed:5c:47:06:cb,283909096.0,227127276.0,36,5180,80,17,7,15,-92,44,1,on,1.734,1.773,1.856,ac:ed:5c:47:06:cb,-48.0,1069.0,1069.0,390.0,866.7,283909096.0,3071912.0,9.0
2025-08-14 15:37:19,RUN_20250814_153652_224,UDP,1,200M,,178980653.2528393,2.8276852978486553,0.182196589229959,68:54:5a:e2:f2:c0,230224050.0,184179240.0,44,5220,80,17,31,63,-92,37,1,off,0.813,1.348,1.721,68:54:5a:e2:f2:c0,-45.0,88.0,88.0,390.0,585.0,230224790.0,18799.0,9.0,UDP,1,100M,,99991079.67582275,16.741389497097973,0.051122287409515015,ac:ed:5c:47:06:cb,128623536.0,102898828.0,44,5220,80,23,31,63,-92,36,2,on,1.649,1.688,1.763,ac:ed:5c:47:06:cb,-44.0,163.0,163.0,6.0,6.0,128624056.0,20884.0,
2025-08-14 15:37:53,RUN_20250814_153726_225,TCP,16,,,58850411.9934081,0.0,,68:54:5a:e2:f2:c0,70685679.0,56548543.0,48,5240,20,23,7,15,-92,37,1,on,0.931,1.087,1.258,68:54:5a:e2:f2:c0,-59.0,56.0,56.0,65.0,144.4,70686419.0,1441849.0,7.0,TCP,4,,,46815001.77547816,0.0,,ac:ed:5c:47:06:cb,58177145.0,46541716.0,40,5200,20,10,31,63,-92,36,1,off,2.341,2.363,2.418,ac:ed:5c:47:06:cb,-47.0,445.0,450.0,6.0,6.0,58177551.0,681629.0,
2025-08-14 15:38:27,RUN_20250814_153800_226,UDP,1,10M,,9999230.805999713,0.0,0.38926400435368413,68:54:5a:e2:f2:c0,12869161.0,10295328.0,36,5180,20,17,31,63,-92,26,1,off,0.909,1.142,1.595,68:54:5a:e2:f2:c0,-43.0,187.0,187.0,65.0,144.4,12869901.0,19542.0,7.0,UDP,1,5M,,4999612.903212903,2.4559777571825765,0.07067427990400034,ac:ed:5c:47:06:cb,6439072.0,5151257.0,44,5220,80,10,15,31,-92,36,2,off,1.571,1.924,2.285,ac:ed:5c:47:06:cb,-45.0,107.0,107.0,6.0,6.0,6439532.0,22223.0,
2025-08-14 15:38:58,RUN_20250814_153834_227,UDP,1,5M,,4999615.902957547,0.0,1.2208805733672228,68:54:5a:e2:f2:c0,6438317.0,5150653.0,44,5220,20,23,31,63,-92,23,1,off,0.888,1.726,2.111,68:54:5a:e2:f2:c0,-46.0,770.0,770.0,65.0,144.4,6439057.0,20171.0,7.0,UDP,1,200M,,199984516.12851614,5.373609823911028,0.047332264312805,ac:ed:5c:47:06:cb,257241128.0,205792902.0,36,5180,80,10,7,15,-91,35,1,on,2.457,2.603,3.016,ac:ed:5c:47:06:cb,-43.0,10667.0,10667.0,6.0,526.6,257241588.0,21965.0,6.0
2025-08-14 15:39:31,RUN_20250814_153906_228,UDP,1,10M,,9999228.80616955,0.0,0.25009845030473826,68:54:5a:e2:f2:c0,12869228.0,10295382.0,44,5220,80,17,7,15,-92,23,1,off,0.887,1.096,1.587,68:54:5a:e2:f2:c0,-47.0,468.0,468.0,135.0,270.0,12870028.0,20425.0,7.0,UDP,1,50M,,49996134.03170094,25.227062094531973,1.1131102253479175,ac:ed:5c:47:06:cb,52872422.0,42297937.0,36,5180,80,10,63,127,-92,22,1,on,1.194,1.237,1.335,ac:ed:5c:47:06:cb,-42.0,846.0,846.0,390.0,6.0,52875346.0,21995.0,9.0
2025-08-14 15:40:04,RUN_20250814_153939_229,UDP,1,100M,,99991139.6699966,0.012743428445649277,0.016889599337659572,68:54:5a:e2:f2:c0,128622492.0,102897993.0,36,5180,80,23,7,15,-92,30,1,on,1.646,1.688,1.772,68:54:5a:e2:f2:c0,-45.0,53.0,53.0,390.0,702.0,128623728.0,20082.0,9.0,UDP,1,50M,,49996114.0334193,74.78220574606117,1.1280252832908366,ac:ed:5c:47:06:cb,32942511.0,26354008.0,36,5180,80,23,63,127,-92,22,1,on,1.276,1.682,1.895,ac:ed:5c:47:06:cb,-46.0,0.0,0.0,6.0,117.0,32945631.0,20961.0,1.0
2025-08-14 15:40:38,RUN_20250814_154012_230,TCP,1,,512K,43797798.825595,0.0,,68:54:5a:e2:f2:c0,56774745.0,45419796.0,48,5240,20,23,63,127,-92,24,1,on,1.614,1.876,2.134,68:54:5a:e2:f2:c0,-59.0,178.0,178.0,65.0,144.4,56775545.0,132250.0,7.0,TCP,4,,,108745057.28282979,0.0,,ac:ed:5c:47:06:cb,92422149.0,73937719.0,48,5240,80,23,15,31,-91,20,1,on,1.176,1.252,1.342,ac:ed:5c:47:06:cb,-45.0,0.0,0.0,390.0,6.0,92423943.0,217828.0,9.0
2025-08-14 15:41:11,RUN_20250814_154045_231,UDP,1,5M,,4999615.4029998565,0.0,3.0200411280184207,68:54:5a:e2:f2:c0,6438579.0,5150863.0,44,5220,40,23,31,63,-92,24,2,on,2.055,2.111,2.202,68:54:5a:e2:f2:c0,-47.0,1.0,1.0,135.0,270.0,6439755.0,20767.0,7.0,TCP,1,,2M,49079641.01245145,0.0,,ac:ed:5c:47:06:cb,51040943.0,40832754.0,44,5220,40,17,63,127,-91,20,2,off,1.385,2.045,2.275,ac:ed:5c:47:06:cb,-44.0,6.0,6.0,6.0,6.0,51042839.0,184993.0,
2025-08-14 15:42:18,RUN_20250814_154152_233,UDP,1,50M,,49996154.02999856,0.0,0.11022501594718552,68:54:5a:e2:f2:c0,64315733.0,51452586.0,48,5240,80,10,15,31,-92,24,1,off,0.952,1.283,1.577,68:54:5a:e2:f2:c0,-45.0,438.0,438.0,390.0,702.0,64316915.0,19672.0,9.0,UDP,1,5M,,4134296.5256277947,0.0,0.058783174518948274,ac:ed:5c:47:06:cb,74589.0,59671.0,48,5240,20,17,63,127,-92,30,2,off,1.989,2.03,2.112,ac:ed:5c:47:06:cb,-46.0,1.0,1.0,6.0,6.0,77574.0,20626.0,
2025-08-14 15:43:24,RUN_20250814_154258_235,TCP,1,,2M,44035951.33788616,0.0,,68:54:5a:e2:f2:c0,39351384.0,31481107.0,48,5240,80,10,15,31,-92,24,2,on,2.133,2.183,2.295,68:54:5a:e2:f2:c0,-59.0,430.0,430.0,6.0,866.7,39353192.0,108740.0,9.0,UDP,1,400M,,223729408.5953011,10.901587991943543,1.0209059842994428,ac:ed:5c:47:06:cb,5034.0,4027.0,36,5180,20,10,15,31,-92,29,2,on,2.412,2.484,2.52,ac:ed:5c:47:06:cb,-46.0,0.0,0.0,65.0,52.0,7470.0,18868.0,7.0
2025-08-14 15:44:30,RUN_20250814_154405_237,TCP,1,,1M,141902282.98237592,0.0,,68:54:5a:e2:f2:c0,184589785.0,147671828.0,36,5180,80,23,7,15,-92,41,1,off,1.519,1.632,1.806,68:54:5a:e2:f2:c0,-58.0,12.0,12.0,390.0,866.7,184590525.0,238751.0,9.0,UDP,1,400M,,63396357.312055655,0.0,0.07413058438709974,ac:ed:5c:47:06:cb,81554026.0,65243220.0,36,5180,40,23,15,31,-91,29,1,on,1.896,1.906,1.933,ac:ed:5c:47:06:cb,-46.0,0.0,0.0,135.0,27.0,5787.0,16047.0,7.0
2025-08-14 15:45:03,RUN_20250814_154437_238,TCP,1,,4M,44039403.694673866,0.0,,68:54:5a:e2:f2:c0,51528777.0,41223021.0,48,5240,20,23,31,63,-92,32,1,off,0.81,1.697,2.069,68:54:5a:e2:f2:c0,-60.0,88.0,88.0,65.0,144.4,51529953.0,120605.0,7.0,TCP,1,,2M,32137190.571548052,0.0,,ac:ed:5c:47:06:cb,40716524.0,32573219.0,48,5240,40,10,63,127,-92,28,2,on,1.666,1.971,2.377,ac:ed:5c:47:06:cb,-48.0,0.0,0.0,6.0,6.0,5959.0,16707.0,
2025-08-14 15:45:37,RUN_20250814_154511_239,UDP,1,5M,,4999614.403084775,0.0,0.37592392795018625,68:54:5a:e2:f2:c0,6438292.0,5150633.0,36,5180,80,10,7,15,-92,5,1,on,1.044,1.545,1.767,68:54:5a:e2:f2:c0,-45.0,70.0,70.0,390.0,585.0,6439032.0,17159.0,9.0,TCP,8,,,83332804.2751316,0.0,,ac:ed:5c:47:06:cb,104578182.0,83662545.0,44,5220,40,10,7,15,-92,28,1,off,1.893,1.943,2.005,ac:ed:5c:47:06:cb,-45.0,2.0,2.0,135.0,108.0,7383.0,20122.0,7.0
2025-08-14 15:46:10,RUN_20250814_154545_240,TCP,1,,,282587925.721269,0.0,,68:54:5a:e2:f2:c0,366338787.0,293071029.0,36,5180,80,23,31,63,-91,19,1,on,1.192,1.5,1.732,68:54:5a:e2:f2:c0,-58.0,446.0,446.0,390.0,866.7,366339665.0,479962.0,9.0,UDP,1,5M,,4999612.403255813,6.371640407784986,0.1827856646288274,ac:ed:5c:47:06:cb,6435323.0,5148258.0,36,5180,20,23,31,63,-92,30,1,on,1.027,1.072,1.116,ac:ed:5c:47:06:cb,-45.0,0.0,0.0,65.0,26.0,6914.0,15368.0,7.0
2025-08-14 15:46:43,RUN_20250814_154618_241,TCP,1,,1M,149043687.85827056,0.0,,68:54:5a:e2:f2:c0,193853473.0,155082778.0,48,5240,80,23,63,127,-91,17,2,on,1.6,1.743,2.006,68:54:5a:e2:f2:c0,-58.0,2332.0,2332.0,292.5,866.7,193854709.0,226978.0,7.0,TCP,2,,,37599937.8409386,0.0,,ac:ed:5c:47:06:cb,47724474.0,38179579.0,36,5180,80,10,15,31,-91,30,1,off,1.354,1.76,1.923,ac:ed:5c:47:06:cb,-46.0,0.0,0.0,390.0,58.6,5500.0,14814.0,9.0
2025-08-14 15:47:17,RUN_20250814_154650_242,TCP,8,,,78716543.9321356,0.0,,68:54:5a:e2:f2:c0,94281795.0,75425436.0,36,5180,40,23,7,15,-92,46,1,off,1.128,1.559,2.084,68:54:5a:e2:f2:c0,-57.0,256.0,256.0,135.0,300.0,94282595.0,695108.0,7.0,UDP,1,200M,,146995121.04000747,60.13822342705838,0.0513636006742598,ac:ed:5c:47:06:cb,189079843.0,151263874.0,36,5180,40,23,31,63,-91,31,2,off,1.042,1.101,1.208,ac:ed:5c:47:06:cb,-50.0,1.0,1.0,135.0,54.0,5541.0,14591.0,7.0
2025-08-14 15:47:50,RUN_20250814_154724_243,UDP,1,50M,,41002402.4810204,0.9831619392021698,0.11458041397201259,68:54:5a:e2:f2:c0,52747326.0,42197860.0,44,5220,40,10,31,63,-92,35,1,on,2.047,2.177,2.367,68:54:5a:e2:f2:c0,-48.0,19525.0,19545.0,108.0,270.0,52748502.0,18770.0,5.0,TCP,1,,1M,87758242.70768167,0.0,,ac:ed:5c:47:06:cb,113797089.0,91037671.0,40,5200,40,23,31,63,-91,30,1,on,2.096,2.177,2.247,ac:ed:5c:47:06:cb,-47.0,0.0,0.0,6.0,54.0,5723.0,18073.0,3.0
2025-08-14 15:48:22,RUN_20250814_154757_244,UDP,1,100M,,38612642.16012694,0.0,0.458544612638569,68:54:5a:e2:f2:c0,49673292.0,39738633.0,36,5180,20,10,7,15,-92,37,2,off,1.647,1.813,2.091,68:54:5a:e2:f2:c0,-43.0,2502.0,2502.0,65.0,144.4,49674032.0,19719.0,7.0,TCP,1,,512K,81340187.3940136,0.0,,ac:ed:5c:47:06:cb,106931302.0,85545041.0,44,5220,80,17,31,63,-91,30,1,on,1.064,1.183,1.437,ac:ed:5c:47:06:cb,-44.0,1.0,1.0,390.0,58.6,6399.0,16496.0,9.0
2025-08-14 15:50:03,RUN_20250814_154937_247,UDP,1,10M,,9999228.80616955,0.0,0.1510277348286421,68:54:5a:e2:f2:c0,12868416.0,10294732.0,48,5240,20,17,7,15,-92,33,1,off,1.908,1.995,2.111,68:54:5a:e2:f2:c0,-48.0,1.0,1.0,65.0,144.4,12869216.0,19045.0,7.0,TCP,1,,512K,49488580.834746145,0.0,,ac:ed:5c:47:06:cb,63975049.0,51180039.0,36,5180,20,10,63,127,-91,18,2,off,2.158,2.216,2.27,,,,,,,,,
2025-08-14 15:52:49,RUN_20250814_155232_249,TCP,16,,,61466747.024794325,0.0,,68:54:5a:e2:f2:c0,71201523.0,56961218.0,48,5240,20,17,15,31,-92,33,1,off,0.868,1.455,1.969,68:54:5a:e2:f2:c0,-60.0,21.0,22.0,65.0,144.4,71202699.0,1449861.0,7.0,TCP,1,,2M,,0.0,,,,,36,5180,40,17,63,127,-91,1,1,on,1.758,2.036,2.239,ac:ed:5c:47:06:cb,-44.0,0.0,0.0,135.0,6.0,4017.0,4622.0,7.0
2025-08-14 15:53:20,RUN_20250814_155256_250,UDP,1,50M,,49996139.03127385,29.606116774791474,0.06318534026066576,68:54:5a:e2:f2:c0,21936739.0,17549391.0,36,5180,40,23,63,127,-92,24,1,on,2.058,2.105,2.175,68:54:5a:e2:f2:c0,-44.0,1.0,1.0,135.0,270.0,21938887.0,18896.0,7.0,UDP,1,5M,,4999614.403084775,4.216867469879518,0.2126098606937525,ac:ed:5c:47:06:cb,6438225.0,5150580.0,36,5180,40,17,7,15,-92,12,1,on,2.284,2.308,2.375,ac:ed:5c:47:06:cb,-44.0,4.0,4.0,6.0,6.0,6439037.0,21453.0,
2025-08-14 15:53:54,RUN_20250814_155327_251,TCP,2,,,61505445.10212778,0.0,,68:54:5a:e2:f2:c0,31072.0,24857.0,36,5180,80,17,31,63,-92,20,2,on,1.591,1.676,1.8,68:54:5a:e2:f2:c0,-45.0,1.0,1.0,292.5,585.0,33241.0,19561.0,7.0,UDP,1,400M,,171192420.6650118,44.22197260867212,0.0710135722020788,ac:ed:5c:47:06:cb,220206312.0,176165049.0,44,5220,40,10,63,127,-91,11,2,off,1.751,1.821,1.933,ac:ed:5c:47:06:cb,-50.0,294.0,294.0,6.0,6.0,220207154.0,19363.0,
2025-08-14 15:54:26,RUN_20250814_155401_252,TCP,1,,2M,130009603.97909702,0.0,,68:54:5a:e2:f2:c0,96329.0,77063.0,36,5180,80,17,7,15,-92,19,2,off,1.53,1.582,1.705,68:54:5a:e2:f2:c0,-45.0,11.0,11.0,292.5,702.0,99892.0,20129.0,7.0,TCP,8,,,69764919.36201604,0.0,,ac:ed:5c:47:06:cb,83749311.0,66999448.0,44,5220,80,17,63,127,-91,11,2,on,1.692,1.73,1.787,ac:ed:5c:47:06:cb,-45.0,1243.0,1243.0,6.0,270.0,83750267.0,1073055.0,14.0
2025-08-14 15:55:00,RUN_20250814_155434_253,TCP,1,,512K,121456803.83062935,0.0,,68:54:5a:e2:f2:c0,27860.0,22288.0,36,5180,80,17,15,31,-92,19,2,off,1.006,1.48,1.724,68:54:5a:e2:f2:c0,-45.0,21.0,21.0,292.5,585.0,30154.0,18058.0,7.0,TCP,1,,,11637952.994210817,0.0,,ac:ed:5c:47:06:cb,11723255.0,9378604.0,48,5240,80,23,7,15,-91,11,2,on,1.146,1.215,1.293,ac:ed:5c:47:06:cb,-47.0,77.0,77.0,6.0,866.7,11724211.0,141451.0,9.0
2025-08-14 15:55:34,RUN_20250814_155508_254,UDP,1,100M,,97727497.3615248,0.0,0.3413226721777834,68:54:5a:e2:f2:c0,4926.0,3940.0,36,5180,20,17,63,127,-90,25,2,off,1.945,2.003,2.107,68:54:5a:e2:f2:c0,-43.0,2.0,2.0,65.0,130.0,6659.0,17628.0,7.0,UDP,1,200M,,199984556.1250954,21.682113067655237,0.034495968014459984,ac:ed:5c:47:06:cb,257242132.0,205793705.0,36,5180,80,17,63,127,-91,61,2,on,2.126,2.228,2.338,ac:ed:5c:47:06:cb,-44.0,855.0,855.0,6.0,6.0,257243488.0,23259.0,
2025-08-14 15:56:07,RUN_20250814_155541_255,TCP,1,,,48335931.41605575,0.0,,68:54:5a:e2:f2:c0,20338.0,16270.0,44,5220,20,10,7,15,-92,24,1,on,2.081,2.112,2.176,68:54:5a:e2:f2:c0,-47.0,0.0,0.0,65.0,130.0,22162.0,18462.0,7.0,UDP,1,100M,,99996921.624627,41.87827255456188,1.2384909008926464,ac:ed:5c:47:06:cb,115391150.0,92312920.0,36,5180,40,23,7,15,-91,40,2,on,1.251,1.347,1.473,ac:ed:5c:47:06:cb,-44.0,0.0,0.0,6.0,6.0,115393124.0,22591.0,
2025-08-14 15:56:39,RUN_20250814_155615_256,UDP,1,100M,,99991129.67096263,0.0046339739802361,0.05829694215082116,68:54:5a:e2:f2:c0,128619164.0,102895331.0,36,5180,40,10,7,15,-92,39,1,on,2.017,2.409,3.485,68:54:5a:e2:f2:c0,-44.0,0.0,0.0,135.0,270.0,6394.0,18688.0,7.0,TCP,1,,2M,97454068.8047188,0.0,,ac:ed:5c:47:06:cb,125527415.0,100421932.0,48,5240,40,17,15,31,-92,35,2,off,1.141,2.25,3.43,ac:ed:5c:47:06:cb,-50.0,673.0,677.0,6.0,6.0,125527821.0,427347.0,
2025-08-14 15:57:13,RUN_20250814_155646_257,UDP,1,200M,,77462746.6980264,2.13395941439488,0.17597510672145392,68:54:5a:e2:f2:c0,99642684.0,79714147.0,44,5220,80,17,7,15,-92,31,2,on,1.614,1.976,2.989,68:54:5a:e2:f2:c0,-45.0,0.0,0.0,292.5,585.0,4957.0,16341.0,7.0,UDP,1,400M,,79357167.87851387,0.0,0.0955320246015063,ac:ed:5c:47:06:cb,102081545.0,81665236.0,36,5180,40,23,15,31,-92,39,2,off,1.186,1.556,2.537,ac:ed:5c:47:06:cb,-46.0,4194.0,4194.0,6.0,108.0,102081951.0,19420.0,5.0
2025-08-14 15:57:47,RUN_20250814_155720_258,UDP,1,200M,,107474881.92284243,0.8019056036387544,0.015645359436203814,68:54:5a:e2:f2:c0,138245410.0,110596328.0,44,5220,80,10,63,127,-92,31,1,on,0.966,1.913,3.35,68:54:5a:e2:f2:c0,-45.0,1.0,1.0,390.0,585.0,5563.0,16828.0,9.0,TCP,8,,,40534185.588494554,0.0,,ac:ed:5c:47:06:cb,47688334.0,38150667.0,44,5220,20,10,63,127,-92,31,2,off,1.234,2.072,3.346,ac:ed:5c:47:06:cb,-47.0,833.0,837.0,52.0,144.4,47688334.0,872752.0,5.0
2025-08-14 15:58:20,RUN_20250814_155754_259,UDP,1,100M,,99991119.67193066,0.0,0.02960262285054146,68:54:5a:e2:f2:c0,128619607.0,102895685.0,36,5180,40,10,63,127,-91,38,1,off,1.93,1.95,1.995,68:54:5a:e2:f2:c0,-45.0,0.0,0.0,135.0,243.0,5370.0,13062.0,7.0,UDP,1,5M,,4999612.403255813,4.17052826691381,0.07737346248735587,ac:ed:5c:47:06:cb,6439810.0,5151848.0,44,5220,40,17,15,31,-92,31,2,off,0.997,1.397,2.297,ac:ed:5c:47:06:cb,-53.0,94.0,94.0,6.0,6.0,6440216.0,23067.0,
2025-08-14 15:58:52,RUN_20250814_155828_260,TCP,8,,,108040365.51965033,0.0,,68:54:5a:e2:f2:c0,128099634.0,102479707.0,44,5220,40,10,15,31,-91,29,1,on,1.974,2.32,3.29,68:54:5a:e2:f2:c0,-48.0,0.0,0.0,135.0,243.0,4830.0,10782.0,7.0,UDP,1,50M,,49996149.030422665,10.145968489341984,0.05815201554200493,ac:ed:5c:47:06:cb,64316006.0,51452804.0,44,5220,80,10,31,63,-92,31,1,on,0.971,2.229,3.611,ac:ed:5c:47:06:cb,-45.0,86.0,86.0,390.0,6.0,64316672.0,21717.0,9.0
2025-08-14 16:00:00,RUN_20250814_155935_262,TCP,4,,,110296946.66633467,0.0,,68:54:5a:e2:f2:c0,131442393.0,105153914.0,36,5180,40,10,15,31,-92,40,1,off,,,,68:54:5a:e2:f2:c0,-45.0,0.0,0.0,135.0,108.0,3025.0,3155.0,7.0,UDP,1,5M,,4999613.903127384,0.0,2.8950702914281288,ac:ed:5c:47:06:cb,6438272.0,5150617.0,36,5180,80,23,15,31,-92,17,1,on,,,,ac:ed:5c:47:06:cb,-47.0,3.0,3.0,6.0,121.5,6438732.0,21479.0,6.0
2025-08-14 16:02:52,RUN_20250814_160225_266,UDP,1,5M,,4999615.4029998565,0.0,0.43988056450642,68:54:5a:e2:f2:c0,6435460.0,5148368.0,36,5180,40,23,31,63,-92,7,1,on,1.838,1.838,1.838,68:54:5a:e2:f2:c0,-45.0,1.0,1.0,135.0,216.0,4955.0,8415.0,7.0,TCP,4,,,90821141.04221246,0.0,,ac:ed:5c:47:06:cb,117026945.0,93621556.0,44,5220,40,17,63,127,-92,13,2,on,2.298,2.298,2.298,ac:ed:5c:47:06:cb,-45.0,0.0,0.0,135.0,40.5,6321.0,17543.0,7.0
2025-08-14 16:03:27,RUN_20250814_160259_267,UDP,1,5M,,4999614.903042266,0.0,0.4628820380196096,68:54:5a:e2:f2:c0,6435689.0,5148551.0,44,5220,20,10,31,63,-90,6,1,on,,,,68:54:5a:e2:f2:c0,-46.0,0.0,0.0,65.0,78.0,4825.0,6152.0,7.0,UDP,1,5M,,4999613.403170094,4.193697868396663,0.09348044561027347,ac:ed:5c:47:06:cb,6435832.0,5148665.0,44,5220,40,23,63,127,-92,13,2,on,2.52,2.52,2.52,ac:ed:5c:47:06:cb,-45.0,0.0,0.0,135.0,27.0,6632.0,15710.0,7.0
2025-08-14 16:05:09,RUN_20250814_160445_270,UDP,1,400M,,139067124.26300588,2.524739279645487,0.0368095922654519,68:54:5a:e2:f2:c0,178882474.0,143105979.0,40,5200,80,17,7,15,-90,20,1,off,,,,68:54:5a:e2:f2:c0,-42.0,0.0,0.0,6.0,234.0,526.0,1324.0,3.0,UDP,1,200M,,93200652.51484513,31.9139416085611,0.08570084178232573,ac:ed:5c:47:06:cb,119885390.0,95908312.0,36,5180,80,10,31,63,-91,41,1,on,,,,ac:ed:5c:47:06:cb,-42.0,0.0,0.0,6.0,54.0,4953.0,14063.0,
2025-08-14 16:05:42,RUN_20250814_160516_271,UDP,1,5M,,4999615.4029998565,0.023169601482854494,2.9188808080432334,68:54:5a:e2:f2:c0,6435642.0,5148513.0,36,5180,80,10,31,63,-92,6,2,on,1.035,1.104,1.174,68:54:5a:e2:f2:c0,-42.0,0.0,0.0,6.0,,337.0,156.0,,TCP,1,,2M,42719881.73008155,0.0,,ac:ed:5c:47:06:cb,54612475.0,43689980.0,48,5240,20,10,7,15,-92,37,2,off,1.691,1.762,1.834,ac:ed:5c:47:06:cb,-45.0,2.0,2.0,65.0,48.0,4201.0,14714.0,7.0
2025-08-14 16:06:51,RUN_20250814_160624_273,TCP,1,,4M,200272228.13260695,0.0,,68:54:5a:e2:f2:c0,258848485.0,207078788.0,44,5220,80,10,15,31,-91,5,1,on,1.083,1.212,1.496,68:54:5a:e2:f2:c0,-58.0,1345.0,1345.0,390.0,866.7,258849225.0,318955.0,9.0,TCP,16,,,61082759.67446843,0.0,,ac:ed:5c:47:06:cb,73454217.0,58763373.0,44,5220,40,23,63,127,-92,37,2,off,1.714,1.927,2.226,ac:ed:5c:47:06:cb,-45.0,1.0,1.0,135.0,40.5,7265.0,18572.0,7.0
2025-08-14 16:07:26,RUN_20250814_160658_274,TCP,16,,,89864989.25216337,0.0,,68:54:5a:e2:f2:c0,101932109.0,81545687.0,44,5220,40,23,15,31,-91,5,2,on,0.897,1.006,1.114,,,,,,,,,,TCP,1,,512K,33120489.24085708,0.0,,ac:ed:5c:47:06:cb,42735857.0,34188685.0,44,5220,40,10,7,15,-92,37,2,on,1.163,1.19,1.217,ac:ed:5c:47:06:cb,-45.0,0.0,0.0,135.0,54.0,6706.0,17517.0,7.0
2025-08-14 16:08:34,RUN_20250814_160807_276,TCP,2,,,116809824.51031646,0.0,,68:54:5a:e2:f2:c0,146194130.0,116955304.0,44,5220,40,17,15,31,-92,37,2,on,0.971,1.326,2.242,68:54:5a:e2:f2:c0,-60.0,45.0,45.0,135.0,300.0,146194832.0,303200.0,7.0,TCP,1,,1M,52363711.4173187,0.0,,ac:ed:5c:47:06:cb,136286547.0,109029237.0,36,5180,20,23,15,31,-91,37,2,on,2.332,2.366,2.427,ac:ed:5c:47:06:cb,-44.0,0.0,0.0,65.0,6.0,6736.0,16864.0,7.0
2025-08-14 16:09:07,RUN_20250814_160842_277,TCP,4,,,59024245.94358463,0.0,,68:54:5a:e2:f2:c0,70928926.0,56743140.0,36,5180,20,10,7,15,-92,40,1,on,1.056,2.847,6.141,68:54:5a:e2:f2:c0,-56.0,371.0,371.0,65.0,144.4,70929470.0,468306.0,7.0,TCP,2,,,43918238.09373814,0.0,,ac:ed:5c:47:06:cb,55230623.0,44184498.0,40,5200,20,10,7,15,-91,35,1,on,2.262,2.309,2.357,ac:ed:5c:47:06:cb,-50.0,0.0,0.0,65.0,26.0,5787.0,16182.0,7.0
2025-08-14 16:09:42,RUN_20250814_160914_278,TCP,8,,,70324762.1407562,0.0,,68:54:5a:e2:f2:c0,79538393.0,63630714.0,36,5180,40,10,31,63,-92,37,2,on,1.558,1.924,2.111,68:54:5a:e2:f2:c0,-56.0,49.0,49.0,135.0,300.0,79538839.0,523918.0,7.0,TCP,1,,1M,25621760.524909787,0.0,,ac:ed:5c:47:06:cb,32199127.0,25759301.0,36,5180,20,10,31,63,-92,36,1,on,2.221,2.255,2.311,ac:ed:5c:47:06:cb,-46.0,0.0,0.0,65.0,52.0,6787.0,18360.0,7.0
2025-08-14 16:11:55,RUN_20250814_161132_282,UDP,1,400M,,68753972.04362085,0.013478678415581351,0.14473313665230494,68:54:5a:e2:f2:c0,88443319.0,70754655.0,48,5240,80,23,31,63,-92,25,1,off,0.892,1.016,1.154,68:54:5a:e2:f2:c0,-48.0,6232.0,6232.0,135.0,270.0,88443765.0,21189.0,7.0,TCP,1,,2M,99017853.71610673,0.0,,ac:ed:5c:47:06:cb,127688181.0,102150544.0,36,5180,40,23,63,127,-92,41,2,off,1.173,1.389,1.64,ac:ed:5c:47:06:cb,-48.0,0.0,0.0,135.0,27.0,5228.0,15793.0,7.0
2025-08-14 16:13:01,RUN_20250814_161236_284,UDP,1,200M,,56534106.98055486,0.0,0.465757195393151,68:54:5a:e2:f2:c0,72725275.0,58180220.0,36,5180,20,10,7,15,-92,27,1,off,1.877,1.958,2.019,68:54:5a:e2:f2:c0,-43.0,4.0,4.0,65.0,144.4,72725721.0,19283.0,7.0,TCP,4,,,55733419.25228512,0.0,,ac:ed:5c:47:06:cb,68560328.0,54848262.0,44,5220,20,17,7,15,-92,35,2,off,0.96,1.568,1.99,ac:ed:5c:47:06:cb,-45.0,0.0,0.0,65.0,6.0,4578.0,9050.0,7.0
2025-08-14 16:14:09,RUN_20250814_161342_286,TCP,1,,512K,151911026.50752962,0.0,,68:54:5a:e2:f2:c0,197533709.0,158026967.0,48,5240,80,10,63,127,-92,26,2,on,2.139,2.203,2.282,68:54:5a:e2:f2:c0,-59.0,728.0,728.0,6.0,866.7,197534155.0,273803.0,9.0,UDP,1,100M,,98343878.38019727,18.306889524953768,0.08333739134222944,ac:ed:5c:47:06:cb,126501653.0,101201322.0,36,5180,80,10,7,15,-92,40,2,off,1.554,1.636,1.698,ac:ed:5c:47:06:cb,-45.0,0.0,0.0,292.5,9.0,1773.0,2425.0,7.0
2025-08-14 16:14:42,RUN_20250814_161416_287,UDP,1,400M,,254705795.95363235,1.16427671583007,0.015205815076761097,68:54:5a:e2:f2:c0,327626789.0,262101431.0,36,5180,80,10,63,127,-92,46,1,off,1.562,1.618,1.684,68:54:5a:e2:f2:c0,-45.0,806.0,806.0,390.0,702.0,327627373.0,20704.0,9.0,UDP,1,10M,,9999223.806597644,8.387395736793327,0.17817712363041677,ac:ed:5c:47:06:cb,12868155.0,10294524.0,36,5180,40,10,15,31,-92,34,2,off,1.725,1.947,2.232,ac:ed:5c:47:06:cb,-44.0,0.0,0.0,135.0,24.0,4475.0,6729.0,7.0
2025-08-14 16:15:47,RUN_20250814_161523_289,TCP,16,,,237075556.6062056,0.0,,68:54:5a:e2:f2:c0,293095829.0,234476663.0,48,5240,80,10,7,15,-91,31,1,off,0.922,0.972,1.087,68:54:5a:e2:f2:c0,-59.0,4186.0,4186.0,390.0,866.7,293096275.0,1255210.0,9.0,UDP,1,50M,,41361482.9635431,24.878171735842717,0.597845473716769,ac:ed:5c:47:06:cb,53207153.0,42565722.0,44,5220,20,17,63,127,-66,31,2,on,0.927,1.072,1.261,,,,,,,,,
2025-08-14 16:16:22,RUN_20250814_161554_290,TCP,1,,1M,133510003.49596363,0.0,,68:54:5a:e2:f2:c0,172934993.0,138347994.0,44,5220,80,23,15,31,-91,31,2,on,1.602,1.662,1.785,68:54:5a:e2:f2:c0,-59.0,181.0,181.0,292.5,866.7,172936429.0,219045.0,7.0,UDP,1,10M,,9999225.806425806,11.631139944392956,1.645035249603595,ac:ed:5c:47:06:cb,12869758.0,10295806.0,44,5220,20,17,31,63,-66,31,2,on,1.101,1.138,1.182,ac:ed:5c:47:06:cb,-45.0,1.0,1.0,6.0,6.0,12870164.0,22157.0,
2025-08-14 16:16:53,RUN_20250814_161629_291,TCP,2,,,37210101.08464178,0.0,,68:54:5a:e2:f2:c0,45366535.0,36293228.0,44,5220,20,10,7,15,-91,31,2,on,1.025,1.071,1.155,68:54:5a:e2:f2:c0,-59.0,1311.0,1311.0,65.0,144.4,45367209.0,165189.0,7.0,UDP,1,200M,,83595258.8784031,24.481396799002287,0.0691779248021855,ac:ed:5c:47:06:cb,107533446.0,86026756.0,48,5240,40,10,7,15,-66,31,2,on,1.0,1.141,1.385,ac:ed:5c:47:06:cb,-46.0,894.0,894.0,135.0,6.0,107534008.0,21794.0,7.0
2025-08-14 16:17:27,RUN_20250814_161701_292,UDP,1,200M,,98415728.1157479,3.4604927082475077,0.022273869595060114,68:54:5a:e2:f2:c0,126596928.0,101277542.0,36,5180,80,10,31,63,-91,18,1,off,1.566,1.616,1.742,68:54:5a:e2:f2:c0,-45.0,6165.0,6165.0,390.0,702.0,126597374.0,17902.0,9.0,TCP,1,,1M,65812455.71309345,0.0,,ac:ed:5c:47:06:cb,84661907.0,67729525.0,44,5220,40,23,15,31,-66,31,1,on,1.173,1.514,1.79,ac:ed:5c:47:06:cb,-46.0,5900.0,5900.0,6.0,270.0,84662313.0,279487.0,14.0
2025-08-14 16:18:01,RUN_20250814_161734_293,TCP,1,,4M,262140670.81348065,0.0,,68:54:5a:e2:f2:c0,339241635.0,271393308.0,48,5240,80,23,63,127,-92,12,1,off,0.878,4.25,14.281,68:54:5a:e2:f2:c0,-59.0,1126.0,1126.0,390.0,866.7,339242081.0,422047.0,9.0,TCP,4,,,157121000.914888,0.0,,ac:ed:5c:47:06:cb,200031289.0,160025031.0,36,5180,80,10,63,127,-91,55,2,off,1.65,1.716,1.792,ac:ed:5c:47:06:cb,-50.0,1070.0,1070.0,292.5,866.7,200031289.0,589147.0,7.0
2025-08-14 16:18:34,RUN_20250814_161808_294,TCP,1,,1M,55475049.27685448,0.0,,68:54:5a:e2:f2:c0,71083233.0,56866586.0,36,5180,20,23,31,63,-91,25,1,off,1.92,1.963,2.068,68:54:5a:e2:f2:c0,-56.0,197.0,197.0,65.0,144.4,71084115.0,159654.0,7.0,TCP,2,,,46797597.91098695,0.0,,ac:ed:5c:47:06:cb,58473214.0,46778571.0,40,5200,20,17,7,15,-91,43,2,off,1.764,1.97,2.159,ac:ed:5c:47:06:cb,-49.0,392.0,395.0,6.0,6.0,58474056.0,405657.0,
2025-08-14 16:19:06,RUN_20250814_161842_295,UDP,1,100M,,99991139.6699966,0.0,0.10887696353967052,68:54:5a:e2:f2:c0,128621739.0,102897391.0,48,5240,40,17,31,63,-92,21,2,on,1.038,1.077,1.157,68:54:5a:e2:f2:c0,-48.0,10.0,10.0,135.0,270.0,128622245.0,19414.0,7.0,UDP,1,10M,,9999226.80634019,10.009267840593141,0.1521524617970903,ac:ed:5c:47:06:cb,12869577.0,10295661.0,36,5180,40,10,15,31,-91,7,1,off,1.214,1.266,1.37,ac:ed:5c:47:06:cb,-43.0,21.0,21.0,6.0,6.0,12869983.0,21771.0,
2025-08-14 16:19:40,RUN_20250814_161913_296,UDP,1,5M,,4999616.402915338,0.0,0.480008691952371,68:54:5a:e2:f2:c0,6437720.0,5150176.0,44,5220,40,17,63,127,-92,21,2,off,1.958,2.041,2.152,68:54:5a:e2:f2:c0,-47.0,12.0,12.0,135.0,270.0,6438166.0,20532.0,7.0,UDP,1,5M,,4999612.403255813,3.3827618164967563,0.08220894915202245,ac:ed:5c:47:06:cb,6438818.0,5151054.0,44,5220,20,17,63,127,-92,6,1,on,1.859,2.077,2.3,ac:ed:5c:47:06:cb,-44.0,0.0,0.0,6.0,6.0,6439284.0,23131.0,
2025-08-14 16:20:14,RUN_20250814_161947_297,TCP,1,,,57041011.4049955,0.0,,68:54:5a:e2:f2:c0,72148246.0,57718596.0,48,5240,20,10,15,31,-92,21,1,on,1.013,1.06,1.132,68:54:5a:e2:f2:c0,-60.0,28.0,28.0,65.0,144.4,72148692.0,161490.0,7.0,UDP,1,200M,,75952159.61142735,32.1869232998307,0.3572052305116745,ac:ed:5c:47:06:cb,97704051.0,78163240.0,40,5200,20,23,15,31,-92,6,2,off,1.089,1.176,1.322,ac:ed:5c:47:06:cb,-51.0,375.0,377.0,6.0,58.5,97704457.0,20978.0,6.0
2025-08-14 16:20:45,RUN_20250814_162021_298,UDP,1,200M,,101770936.8642831,0.028455978601104093,0.051655630982786964,68:54:5a:e2:f2:c0,130911631.0,104729304.0,36,5180,40,23,63,127,-92,46,2,on,2.03,2.092,2.184,68:54:5a:e2:f2:c0,-44.0,7023.0,7023.0,135.0,270.0,130912077.0,18903.0,7.0,TCP,4,,,48101852.90276233,0.0,,ac:ed:5c:47:06:cb,59806501.0,47845200.0,44,5220,20,17,31,63,-92,6,1,on,1.533,2.069,2.324,ac:ed:5c:47:06:cb,-47.0,1066.0,1066.0,26.0,130.0,59806501.0,761727.0,3.0
2025-08-14 16:22:25,RUN_20250814_162200_301,UDP,1,100M,,46437567.6994584,0.0,0.41623139241571416,68:54:5a:e2:f2:c0,59737980.0,47790384.0,48,5240,20,23,63,127,-92,28,2,on,1.016,1.086,1.17,68:54:5a:e2:f2:c0,-48.0,250.0,250.0,65.0,144.4,59738642.0,19522.0,7.0,UDP,1,200M,,102626468.5882513,68.22358173239722,0.07201841363776013,ac:ed:5c:47:06:cb,34930927.0,27944741.0,48,5240,80,23,63,127,-92,24,2,on,1.073,1.899,2.191,ac:ed:5c:47:06:cb,-47.0,15.0,15.0,292.5,585.0,34933537.0,19455.0,7.0
2025-08-14 16:22:59,RUN_20250814_162233_302,UDP,1,10M,,9999228.80616955,0.0,1.7193631238425224,68:54:5a:e2:f2:c0,12868605.0,10294884.0,40,5200,20,17,15,31,-92,28,1,off,0.931,1.733,2.114,68:54:5a:e2:f2:c0,-46.0,388.0,388.0,65.0,117.0,12869487.0,20027.0,7.0,UDP,1,100M,,96724458.13188913,27.89135199223943,0.09313323511282816,ac:ed:5c:47:06:cb,89313603.0,71450882.0,36,5180,40,17,63,127,-92,32,2,on,1.036,1.794,2.155,ac:ed:5c:47:06:cb,-47.0,1753.0,1753.0,135.0,54.0,89316159.0,21278.0,7.0
2025-08-14 16:23:32,RUN_20250814_162306_303,TCP,2,,,54979951.63304473,0.0,,68:54:5a:e2:f2:c0,70299883.0,56239906.0,48,5240,20,17,7,15,-92,28,2,on,0.919,1.045,1.193,68:54:5a:e2:f2:c0,-60.0,87.0,87.0,65.0,144.4,70300578.0,237403.0,7.0,UDP,1,200M,,175603891.24809176,0.0,0.05028174259477227,ac:ed:5c:47:06:cb,7230701.0,5784560.0,36,5180,40,23,31,63,-92,23,1,off,2.054,2.133,2.205,ac:ed:5c:47:06:cb,-43.0,0.0,0.0,135.0,6.0,7233319.0,21424.0,7.0
2025-08-14 16:25:45,RUN_20250814_162529_307,UDP,1,400M,,78462437.9004968,0.005905453686479464,0.6307894687544134,68:54:5a:e2:f2:c0,100928901.0,80743120.0,48,5240,40,17,15,31,-92,28,2,off,1.997,13.757,21.623,68:54:5a:e2:f2:c0,-48.0,818.0,818.0,135.0,216.0,100929053.0,7726.0,7.0,TCP,1,,,68569869.4163326,0.0,,ac:ed:5c:47:06:cb,2873922.0,2299137.0,48,5240,80,10,7,15,-92,20,2,on,0.942,1.041,1.115,ac:ed:5c:47:06:cb,-47.0,0.0,0.0,292.5,468.0,2873922.0,21148.0,7.0
2025-08-14 16:26:17,RUN_20250814_162552_308,TCP,4,,,73960554.31673846,0.0,,68:54:5a:e2:f2:c0,89656177.0,71724941.0,48,5240,80,23,31,63,-92,28,2,on,2.027,2.074,2.175,68:54:5a:e2:f2:c0,-61.0,1049.0,1049.0,135.0,300.0,89656716.0,340330.0,7.0,TCP,2,,,52383215.41344725,0.0,,ac:ed:5c:47:06:cb,64720463.0,51776370.0,44,5220,40,23,31,63,-92,20,1,off,1.288,1.823,2.354,ac:ed:5c:47:06:cb,-45.0,0.0,0.0,135.0,9.0,1282.0,2427.0,7.0
2025-08-14 16:26:51,RUN_20250814_162624_309,UDP,1,400M,,57150376.6270623,0.0,0.2669899192424082,68:54:5a:e2:f2:c0,73517612.0,58814089.0,44,5220,20,10,31,63,-92,28,1,off,1.962,2.021,2.107,68:54:5a:e2:f2:c0,-46.0,28.0,28.0,65.0,144.4,73518058.0,19630.0,7.0,UDP,1,10M,,9999225.806425806,9.441612604263206,0.05724403584630551,ac:ed:5c:47:06:cb,12866897.0,10293517.0,36,5180,40,10,63,127,-92,7,1,off,1.077,1.967,2.411,,,,,,,,,
2025-08-14 16:27:25,RUN_20250814_162658_310,TCP,1,,4M,56621473.30156892,0.0,,68:54:5a:e2:f2:c0,68493890.0,54795112.0,44,5220,20,10,15,31,-92,28,1,on,2.032,2.083,2.197,68:54:5a:e2:f2:c0,-47.0,1668.0,1668.0,65.0,130.0,68494336.0,152816.0,7.0,TCP,1,,512K,81807641.2774742,0.0,,ac:ed:5c:47:06:cb,106578924.0,85263139.0,36,5180,80,23,7,15,-91,19,2,on,2.211,2.285,2.393,ac:ed:5c:47:06:cb,-50.0,0.0,0.0,292.5,6.0,810.0,1081.0,7.0
2025-08-14 16:27:59,RUN_20250814_162732_311,TCP,4,,,42799964.000504,0.0,,68:54:5a:e2:f2:c0,50799913.0,40639930.0,36,5180,20,17,15,31,-92,39,2,off,1.032,1.719,1.964,68:54:5a:e2:f2:c0,-55.0,21.0,21.0,65.0,144.4,50800305.0,322140.0,7.0,TCP,1,,2M,27863139.381726507,0.0,,ac:ed:5c:47:06:cb,35316342.0,28253073.0,36,5180,20,10,63,127,-92,25,1,off,1.569,1.943,2.238,,,,,,,,,
2025-08-14 16:29:37,RUN_20250814_162917_314,UDP,1,50M,,49996149.030422665,0.0,0.22497511608865806,68:54:5a:e2:f2:c0,64316547.0,51453237.0,48,5240,20,10,7,15,-92,36,1,off,1.987,2.03,2.117,68:54:5a:e2:f2:c0,-49.0,255.0,255.0,65.0,130.0,64316993.0,18851.0,7.0,TCP,2,,,53758981.39881667,0.0,,ac:ed:5c:47:06:cb,67990569.0,54392455.0,44,5220,20,10,7,15,-91,30,2,on,1.055,1.224,1.386,ac:ed:5c:47:06:cb,-44.0,1.0,1.0,6.0,6.0,67990975.0,455678.0,
2025-08-14 16:30:11,RUN_20250814_162944_315,TCP,1,,1M,64753795.90520831,0.0,,68:54:5a:e2:f2:c0,47051992.0,37641593.0,44,5220,40,23,7,15,-92,36,2,off,1.908,1.96,2.037,68:54:5a:e2:f2:c0,-59.0,2.0,2.0,135.0,300.0,47053912.0,89102.0,7.0,UDP,1,10M,,9999225.806425806,11.179332715477294,0.0757594277573738,ac:ed:5c:47:06:cb,12870713.0,10296570.0,44,5220,80,23,15,31,-91,30,2,off,1.087,1.157,1.243,ac:ed:5c:47:06:cb,-44.0,53.0,53.0,6.0,6.0,12871609.0,20298.0,
2025-08-14 16:30:43,RUN_20250814_163018_316,UDP,1,10M,,9999229.80608453,47.13855421686747,2.2546551334934612,68:54:5a:e2:f2:c0,7588600.0,6070880.0,36,5180,80,10,63,127,-88,6,1,on,1.473,1.656,1.841,68:54:5a:e2:f2:c0,-45.0,177.0,177.0,390.0,585.0,7590096.0,18294.0,9.0,TCP,8,,,92977441.8722091,0.0,,ac:ed:5c:47:06:cb,115420880.0,92336704.0,48,5240,40,23,15,31,-91,30,1,off,1.055,1.209,1.502,ac:ed:5c:47:06:cb,-44.0,3691.0,3691.0,6.0,6.0,115421286.0,1544361.0,
2025-08-14 16:31:17,RUN_20250814_163050_317,TCP,2,,,124753882.96200189,0.0,,68:54:5a:e2:f2:c0,76350.0,61080.0,48,5240,80,10,31,63,-91,4,1,off,1.584,1.625,1.704,68:54:5a:e2:f2:c0,-45.0,3.0,3.0,390.0,585.0,77909.0,17685.0,9.0,UDP,1,50M,,49996129.032129034,12.88693234476367,0.18242972696884055,ac:ed:5c:47:06:cb,64317233.0,51453786.0,48,5240,40,17,31,63,-91,30,2,off,1.101,1.301,1.761,ac:ed:5c:47:06:cb,-45.0,17.0,17.0,135.0,40.5,64317233.0,20546.0,7.0
2025-08-14 16:33:29,RUN_20250814_163304_321,TCP,1,,512K,89827068.0405971,0.0,,68:54:5a:e2:f2:c0,116931586.0,93545268.0,36,5180,80,23,63,127,-92,20,2,off,0.834,1.178,2.039,68:54:5a:e2:f2:c0,-45.0,0.0,0.0,292.5,526.6,5295.0,14394.0,7.0,UDP,1,50M,,49996154.02999856,0.0,0.206620269726545,ac:ed:5c:47:06:cb,64317455.0,51453964.0,48,5240,20,17,15,31,-92,24,1,on,1.582,1.638,1.7,ac:ed:5c:47:06:cb,-47.0,0.0,0.0,65.0,26.0,4964.0,15123.0,7.0
2025-08-14 16:34:02,RUN_20250814_163336_322,TCP,16,,,35274004.52974428,0.0,,68:54:5a:e2:f2:c0,38046964.0,30437571.0,44,5220,20,17,15,31,-91,18,1,on,0.906,1.248,1.844,68:54:5a:e2:f2:c0,-47.0,0.0,0.0,65.0,117.0,5430.0,11697.0,7.0,TCP,8,,,29022893.554401767,0.0,,ac:ed:5c:47:06:cb,33099810.0,26479848.0,44,5220,20,10,31,63,-92,24,1,off,1.081,1.145,1.307,ac:ed:5c:47:06:cb,-43.0,0.0,0.0,65.0,6.0,4334.0,11819.0,7.0
2025-08-14 16:35:09,RUN_20250814_163443_324,TCP,8,,,315692761.716993,0.0,,68:54:5a:e2:f2:c0,404550245.0,323640196.0,44,5220,80,10,7,15,-91,18,1,off,,,,68:54:5a:e2:f2:c0,-45.0,0.0,0.0,390.0,351.0,4546.0,5334.0,9.0,TCP,1,,4M,,0.0,,,,,36,5180,40,23,15,31,-92,33,1,off,1.103,1.123,1.144,,,,,,,,,
2025-08-14 16:35:44,RUN_20250814_163516_325,TCP,4,,,70759866.2858854,0.0,,68:54:5a:e2:f2:c0,82541800.0,66033440.0,36,5180,40,10,7,15,-92,42,1,on,,,,68:54:5a:e2:f2:c0,-40.0,0.0,0.0,6.0,6.0,505.0,1414.0,,TCP,16,,,54564460.5895372,0.0,,ac:ed:5c:47:06:cb,63628537.0,50902829.0,36,5180,80,17,31,63,-92,32,2,on,,,,ac:ed:5c:47:06:cb,-47.0,2.0,2.0,135.0,300.0,63628767.0,901424.0,7.0
2025-08-14 16:36:18,RUN_20250814_163551_326,UDP,1,400M,,106779299.36560507,0.06075136419357988,0.08489561640474666,68:54:5a:e2:f2:c0,137351519.0,109881215.0,44,5220,40,17,7,15,-77,30,1,off,0.945,1.02,1.095,,,,,,,,,,TCP,2,,,105650128.77287523,0.0,,ac:ed:5c:47:06:cb,133256930.0,106605544.0,36,5180,40,17,63,127,-91,31,1,off,,,,ac:ed:5c:47:06:cb,-45.0,729.0,729.0,6.0,6.0,133257945.0,563982.0,
2025-08-14 16:36:53,RUN_20250814_163625_327,TCP,1,,,112720026.3035581,0.0,,68:54:5a:e2:f2:c0,145121771.0,116097416.0,48,5240,40,23,31,63,-77,30,1,on,1.031,1.067,1.135,68:54:5a:e2:f2:c0,-60.0,1.0,1.0,135.0,300.0,145122315.0,225140.0,7.0,UDP,1,5M,,4999613.403170094,4.1241890639481,0.10529612788257094,ac:ed:5c:47:06:cb,6439750.0,5151800.0,36,5180,40,10,7,15,-92,25,1,off,1.754,1.826,1.898,ac:ed:5c:47:06:cb,-44.0,74.0,74.0,6.0,6.0,6440156.0,20709.0,
2025-08-14 16:37:27,RUN_20250814_163700_328,UDP,1,5M,,4999615.902957547,0.0,0.8442070537199363,68:54:5a:e2:f2:c0,6436341.0,5149072.0,48,5240,20,17,63,127,-77,30,2,off,0.984,1.768,2.094,68:54:5a:e2:f2:c0,-48.0,58.0,59.0,65.0,104.0,6436787.0,11007.0,7.0,UDP,1,5M,,4999613.903127384,3.753475440222428,0.14883491390425008,ac:ed:5c:47:06:cb,6439327.0,5151461.0,44,5220,80,10,7,15,-92,24,1,off,2.028,2.083,2.168,ac:ed:5c:47:06:cb,-47.0,33.0,33.0,390.0,234.0,6440283.0,22793.0,9.0
